1800 2942
253 121 462 173 JnsTntIam
474 122 534 171 XV.
549 122 641 174 Cana.
728 126 775 172 ‘278

105 249 224 312 byloniam
235 254 307 315 oepit:
326 253 385 309 inde,
398 254 505 300 auctisex
513 251 607 301 victorii
615 253 706 308 viribus.
715 251 776 300 Bac·

105 316 195 363 trianos
216 319 362 380 expugnavit
392 317 524 365 Transitum
541 318 621 365 deinde
642 319 665 363 in
688 316 776 363 Indiam

103 379 170 434 fecit,
190 396 242 442 quae
252 391 304 445 post
317 392 413 430 mortem
424 383 556 443 Alexandri,
572 383 642 429 veluti
653 382 777 428 cervicibus

98 447 163 507 Jugo
185 448 300 494 servitutis
317 463 421 502 excusso,
449 447 569 510 praefectos
591 449 639 510 ejus
658 446 778 493 occiderat.

103 511 199 557 Auctor
215 512 312 558 libertati
341 513 502 560 Sandrocottus
517 513 603 559 fuerat:
624 512 663 558 sed
683 511 773 557 titulum

104 573 217 622 libertatis
228 584 280 637 post
290 578 406 625 victoriam
423 578 447 622 in
464 578 594 624 servitutem
612 583 725 633 verterat3
743 574 774 622 si-

105 639 205 700 quidem,
217 650 326 704 occupato
337 658 416 704 regno,
433 643 547 704 populum,
564 657 631 703 quem
642 643 670 691 ab
681 638 775 687 externi

106 704 263 751 dominatione
284 707 444 763 vindicaverat,
472 707 520 768 ipse
542 708 633 754 servitio
654 705 776 768 premebat

106 767 165 815 Fuit
180 770 216 816 bic
232 768 321 831 quidem
338 772 416 817 humili
432 786 517 833 genere
528 780 603 827 natus,
621 772 660 818 sed
672 771 699 816 ad
710 768 775 831 regni

104 840 241 895 potestatem
253 836 369 898 majestate
380 836 479 882 numinis
490 837 614 898 impulsus:
625 836 713 898 quippe,
723 848 774 882 cum

39 946 41 949 ,
105 900 243 960 procacitate
250 899 292 946 sui
301 900 455 948 Alexandrum
467 917 544 963 regem
556 901 692 954 offendisset,
704 900 774 945 inter-

106 960 147 1008 fici
157 978 172 1009 a
181 979 236 1026 rege
241 965 326 1026 jussus,
337 965 431 1012 salutem
438 966 519 1027 pedum
527 960 640 1013 celeritate
647 964 773 1027 quaesierat.

105 1025 149 1075 Ex
159 1027 204 1088 quai
214 1028 345 1091 fatigatione
355 1045 406 1078 cum
418 1045 498 1077 somno
509 1033 684 1092 captusjacerct.
694 1029 730 1075 leo
738 1029 774 1074 iu·

107 1094 186 1154 gentis
201 1093 280 1140 formae
297 1095 325 1140 ad
341 1094 488 1141 dormientem
506 1096 606 1148 accessit,
628 1095 775 1154 sudoremque

106 1155 257 1218 profluentem
280 1156 358 1220 lingui
379 1159 401 1204 ei
422 1158 521 1215 detersit,
548 1158 775 1220 expergefactumqne

106 1221 188 1268 blande
199 1223 294 1283 reliquit.
319 1222 373 1269 Hoc
384 1222 486 1284 prodigio
494 1222 590 1284 primum
602 1223 630 1268 ad
638 1236 700 1283 spem
710 1221 775 1283 regni

106 1285 225 1348 impulsus,
237 1288 357 1334 contractis
371 1287 501 1342 latronibus,
518 1285 588 1334 Indos
607 1287 635 1332 ad
651 1287 774 1332 novitatem

106 1352 174 1413 regni
192 1351 326 1399 sollicitavit
357 1351 464 1399 Molienti
480 1351 559 1398 deinde
574 1351 656 1397 bellum
667 1351 775 1397 adversus

106 1415 228 1477 praefectos
239 1417 362 1463 Alexandri
373 1417 505 1479 elephantus
515 1415 576 1463 ferus
583 1415 677 1462 infinitae
685 1415 774 1477 magni·
849 1434 853 1439 ·

106 1479 193 1526 tudinis
203 1481 262 1528 ultro
277 1497 302 1528 se
312 1482 400 1536 obtulit,
418 1489 447 1536 et,
469 1482 539 1527 veluti
550 1479 635 1528 domiti
644 1486 775 1526 mansueto

107 1543 168 1598 dine,
181 1559 231 1591 eum
244 1556 310 1608 tergo
321 1547 424 1608 excepit:
444 1547 535 1607 duxque
551 1546 603 1592 belli
619 1552 643 1592 et
658 1545 774 1609 proeliator

106 1609 204 1671 insignis
218 1609 268 1657 fuit
301 1611 339 1657 Sic
357 1612 466 1673 acquisito
477 1627 556 1674 regno,
575 1611 736 1657 Sandrocottus
747 1607 774 1656 ed

107 1681 247 1735 tempestate,
259 1673 303 1736 qul
311 1675 419 1722 Seleucus
429 1676 512 1722 futurae
523 1675 684 1738 magnitudinis
693 1673 774 1721 funda·

107 1740 290 1802 mentaJ‘aciebat,
300 1739 386 1786 Indiam
395 1741 532 1802 possidebat:
543 1756 593 1787 cum
601 1756 644 1801 quo
653 1737 711 1786 facti
718 1754 772 1801 pac·

106 1804 176 1856 tione,
196 1804 309 1859 Seleucus,
326 1805 500 1867 compositisque
512 1807 535 1853 in
548 1805 641 1853 Oriente
656 1805 728 1860 rebus,
748 1804 772 1850 in
787 1839 803 1852 .

107 1867 191 1914 bellum
203 1868 314 1931 Antigoni
326 1870 446 1916 descendit
472 1870 585 1918 Adnuntia
595 1872 664 1932 igitur
672 1869 774 1915 omnium

106 1934 220 1979 sociorum
237 1935 311 1995 copiis,
329 1934 432 1996 proelium
448 1936 609 1982 committitur:
628 1935 652 1980 in
663 1949 691 1980 eo
702 1934 772 1980 Anti-

106 2012 183 2060 gonus
195 1998 308 2052 occiditur,
328 1997 460 2045 Demetrius
471 1999 529 2046 iilius
540 2002 587 2061 ejus
598 2000 621 2044 in
632 1998 709 2060 fugam
721 2013 773 2044 ver·

106 2063 169 2108 titur.
203 2062 248 2109 Sed
264 2064 325 2117 socii,
342 2062 463 2125 profligato
479 2066 553 2111 hostili
569 2062 634 2116 bello,
652 2063 725 2107 denuo
747 2062 772 2108 in

105 2133 179 2174 semet
189 2127 250 2188 ipsos
261 2143 322 2174 arma
332 2136 464 2184 verterunt;
482 2138 512 2184 et,
531 2143 582 2174 cum
594 2127 621 2171 de
633 2124 708 2186 preda
724 2141 773 2174 non

105 2192 245 2245 conveniret,
257 2193 337 2239 iterum
349 2193 372 2238 in
383 2194 438 2239 duas
448 2192 556 2239 factiones
567 2191 707 2236 diducuntur.
729 2191 771 2238 Se·

105 2256 185 2304 leucus
195 2256 321 2312 Demetrio,
331 2256 469 2304 Ptolemaeus
481 2255 628 2317 Lysimacho,
635 2255 771 2317 junguntur.

106 2319 235 2368 Cassandro
254 2320 360 2368 defuncto
375 2321 492 2383 Philippus
510 2319 569 2367 filius
587 2320 692 2366 succedit
726 2321 773 2378 Sc,

105 2385 169 2447 quasi
180 2399 209 2432 ex
220 2386 316 2451 integro,
327 2401 387 2435 nova
394 2385 538 2433 Macedoniae
548 2384 607 2434 bella
617 2392 748 2434 nascuntur.
