1800 2942
394 482 582 550 JUSTINI

179 668 463 734 HISTORIARUM
482 665 826 741 PHILIPPICllRUld¹

232 848 339 898 LIBER
355 845 571 898 TRICESIMUS
587 841 754 895 TERTIUS.
784 885 786 890 ,

192 1125 212 1176 1.
229 1127 334 1177 Minoas
350 1127 439 1188 quidem
456 1141 531 1173 rerum
546 1130 612 1171 motu
626 1123 732 1174 Romani
748 1122 829 1171 Mace·

159 1193 264 1244 donicum
286 1208 352 1255 quam
375 1191 487 1239 Punicum
511 1189 594 1238 bellum
621 1195 763 1252 gesserunt3
793 1188 830 1240 ssd

160 1267 224 1308 tanto
240 1259 327 1315 clarius,
346 1265 430 1319 quanto
448 1255 564 1302 nobilitate
580 1253 726 1301 Macedones
743 1252 830 1300 Poenoa

159 1332 339 1374 antecesserunt:
358 1322 509 1384 quippedum
528 1318 600 1381 glorli
620 1318 726 1367 Orientis
740 1318 828 1374 domiti,

160 1396 210 1438 tum
220 1398 243 1436 et
254 1390 342 1436 auxiliis
356 1388 457 1434 omnium
473 1400 553 1448 regum
564 1385 711 1449 juvabantur.
746 1382 828 1447 Itaque

160 1453 260 1503 Romani
276 1461 300 1502 et
315 1453 415 1516 legiones
421 1451 501 1563 plures
516 1465 611 1497 numero
627 1448 827 1510 conscripserunt3

160 1526 184 1568 et
194 1520 276 1567 auxilia
286 1535 300 1567 a
311 1518 420 1566 Masiniss
434 1549 441 1571 ‚
454 1531 508 1578 rege
519 1514 679 1571 Numidarum,
696 1514 829 1574 eaeterisque

160 1585 228 1633 sociis
239 1585 347 1639 omnibus,
364 1584 508 1639 acciverunt3
526 1588 550 1628 et
560 1579 667 1634 Eumeni,
683 1580 734 1641 regi
746 1577 828 1638 Bithy·

159 1649 212 1703 niae,
224 1650 384 1703 denuntiatum,
401 1654 426 1694 ut
435 1647 518 1693 bellurn
530 1645 625 1693 summis
635 1644 722 1691 viribus
730 1644 826 1707 juvaret.

160 1709 254 1769 Perseo,
267 1722 349 1777 praeter
360 1711 535 1761 Macedonicum
549 1710 642 1757 invictae
657 1709 774 1771 opinionis
788 1721 826 1755 ex·

159 1776 261 1833 ercitum,
278 1779 384 1828 decenms
398 1777 450 1825 belli
465 1783 560 1830 sumtus,
576 1790 591 1822 a
606 1782 670 1837 patre
685 1781 787 1836 paratus,
803 1772 827 1819 iu

159 1842 270 1903 thesauris
280 1850 304 1890 et
315 1844 400 1891 horreis
410 1849 465 1890 erat.
499 1840 588 1896 erious
598 1840 665 1887 rebus
675 1837 778 1893 inflatus,
789 1836 828 1885 ob·

159 1906 214 1955 litus
230 1906 328 1956 fortunae
344 1915 451 1969 patema,
469 1913 569 1958 veterem
587 1902 715 1951 Alexandri
731 1903 829 1966 glumam

161 1973 303 2022 considerare
317 1987 370 2019 suos
379 1972 480 2034 jubebat.
513 1969 591 2017 Prima
604 1969 707 2029 equitum
718 1982 828 2030 congrus·

160 2037 195 2086 sio
205 2036 254 2094 suit,
271 2037 316 2099 qni
325 2038 398 2084 vietor
409 2035 507 2083 Perseus
524 2048 655 2097 suspensam
667 2033 773 2081 omnium
789 2045 827 2079 ex·

160 2104 321 2166 spectationem
333 2103 356 2150 in
366 2100 468 2148 savorem
480 2100 514 2148 sui
526 2100 607 2146 traxit:
626 2098 690 2145 misit
704 2105 785 2145 tamen
795 2098 827 2143 le·

158 2176 225 2229 gatos
239 2169 267 2215 ad
283 2166 405 2223 consulem,
421 2165 461 2226 qui
476 2179 555 2226 paoem
565 2169 674 2225 peterent,
690 2177 763 2223 quam
773 2160 829 2225 patri

159 2245 202 2277 suo
221 2232 319 2280 Romani
338 2232 405 2278 etiam
423 2231 486 2276 victo
505 2228 624 2282 dedissent,
642 2227 760 2287 impensas
778 2226 829 2274 belli

158 2292 212 2352 lega
230 2296 284 2342 victi
301 2303 451 2356 suscepturus.
484 2292 530 2339 Sed
548 2291 628 2338 consul
645 2290 763 2352 Sulpicius
783 2305 827 2338 non

158 2355 234 2402 minus
251 2374 334 2418 graves
351 2372 418 2419 qnam
433 2356 495 2402 victo
513 2356 577 2417 leges
594 2354 658 2400 dixit.
690 2352 760 2400 Dum
780 2356 829 2402 hmo

159 2427 264 2479 aguntur,
276 2430 338 2469 metu
349 2429 394 2468 tam
403 2420 522 2481 periculosi
532 2419 585 2465 belli
595 2417 695 2464 Romani
703 2417 826 2465 AEmilium

157 2479 255 2529 Paulum
267 2485 382 2531 consulem
393 2489 476 2537 creatu,
493 2484 558 2542 eique
575 2489 640 2532 exara
653 2480 759 2527 ordinem
772 2481 825 2529 Ma·

157 2545 291 2593 oedonioum
301 2548 383 2594 bedam
394 2548 533 2603 decernunt;
550 2548 589 2607 qni
599 2559 652 2592 cum
662 2545 691 2591 ad
698 2547 826 2592 exereitum

154 2609 261 2664 venisset,
278 2626 324 2658 non
338 2626 444 2672 magnam
460 2625 548 2657 moram
557 2624 643 2672 pugnae
652 2607 716 2654 feeit.
749 2607 826 2656 Pridie

154 2674 331 2735 quamproelium
338 2680 499 2732 consereretur,
507 2674 562 2721 luna
569 2670 742 2728 noetedesecit3
761 2673 825 2719 triste
