1800 2942
145 177 195 223 320
263 171 402 226 JUSTINI
417 173 471 222 Lu.
482 172 580 222 XXIV.
597 171 690 224 cans.

148 318 201 352 cum
218 302 333 354 Antiocho
349 304 416 362 facit3
441 303 617 366 affinitatemque
643 317 696 351 cum
718 301 825 366 Pyrrho,

149 366 200 417 data
208 369 229 417 ei
239 370 263 416 in
273 370 439 418 matrimonium
450 367 498 416 filit
508 366 555 423 sud,
562 367 647 431 jungit.

181 431 217 481 11.
233 433 330 490 Exinde,
351 443 445 482 externo
462 441 525 481 metu
547 433 656 495 deposito,
677 432 776 496 impium
798 443 826 484 et

148 496 299 546 facinorosum
311 501 410 546 animum
420 497 450 545 ad
460 497 583 545 domestica
594 498 678 545 scelera
689 500 823 559 convertit3

148 563 285 625 insidiasque
302 564 408 612 Arsinoae
427 562 499 609 sorori
511 560 564 610 'suae
582 562 680 615 instruit,
699 563 783 624 quibus
799 572 825 612 et

149 626 208 674 filios
219 630 267 693 ejus
274 628 327 684 viti,
336 637 359 675 et
367 630 438 691 ipsam
445 625 594 675 Cassandrea
602 627 662 674 urbis
669 629 822 688 mansione,

150 694 255 755 privaret.
276 691 724 748 Primuseidolusfuimimulatosmore,
738 695 824 741 sororis

151 757 318 805 matrimonium
337 767 427 820 petere:
446 756 512 804 aliter
528 757 588 803 enim
605 757 634 803 ad
651 757 737 803 sororis
753 757 821 813 lilios,

152 836 247 882 quorum
258 838 353 884 regnum
366 829 520 884 occupaverat,
527 836 593 882 quam
602 821 730 868 concordiae
737 820 822 878 fraude,

152 887 270 948 penenire
280 903 326 933 non
337 895 431 948 poterat
466 886 511 933 Sed
520 893 573 932 nota
582 886 689 933 scelerata
701 885 821 935 Ptolemaei

151 950 258 998 voluntas
275 952 346 998 sorori
365 958 419 998 erat.
453 949 534 1013 Itaque
550 965 596 997 non
612 951 712 997 credenti
723 952 822 1007 maudut,

154 1021 170 1044 ‘¹
180 1014 239 1061 velle
250 1030 275 1062 se
286 1031 337 1061 cum
349 1014 400 1062 dliis
414 1017 464 1078 ejus
482 1016 546 1078 regni
563 1016 701 1062 consortium
708 1016 821 1078 jungere3

154 1094 206 1125 cum
216 1080 296 1141 quibus
313 1095 359 1127 non
376 1081 427 1127 ideo
439 1097 464 1127 se
474 1082 542 1127 armis
552 1079 702 1133 contendisse,
715 1082 820 1142 quoniam

153 1158 239 1257 til?
257 1146 293 1257 li
307 1146 469 1258 insilui?
478 1143 824 1273 tlillfltiirffiffi

154 1282 273 1337 prasente,
288 1276 346 1338 apud
357 1275 423 1322 Deos
433 1275 524 1358 patrios,
540 1274 619 1335 quibus
634 1274 705 1321 vellet
722 1276 825 1324 obsecre·

153 1339 260 1396 tionibus,
272 1357 297 1388 se
307 1338 432 1402 obligaret?
464 1336 556 1386 Incerta
561 1338 660 1386 Arsinoli
669 1339 725 1401 quid
733 1348 824 1402 ageret:

154 1404 174 1452 sl
182 1406 287 1460 mitteret,
294 1406 364 1467 decipi
373 1404 485 1468 perjurio;
502 1404 575 1451 sinon
586 1403 693 1460 mitteret,
703 1419 829 1466 provocm

154 1469 238 1517 rabiem
256 1469 362 1518 fraternae
378 1469 521 1524 crudelitatis,
539 1469 638 1516 timebat.
670 1468 761 1531 Itaque,
778 1471 829 1533 plm

155 1534 231 1582 lilerio
242 1551 308 1597 quam
325 1535 366 1582 sibi
382 1535 471 1588 timens,
489 1549 545 1595 quos
559 1534 703 1581 matrimonio
720 1549 763 1581 suo
774 1550 827 1596 pro·

157 1607 267 1649 tecturam
279 1617 304 1648 se
315 1601 466 1654 arbitrabatur,
482 1598 552 1646 mittit
566 1613 596 1644 ex
608 1598 687 1645 amicis
702 1600 751 1646 suis
763 1597 828 1649 cuo·

158 1666 263 1723 dionem3
281 1682 325 1726 quo
343 1665 450 1727 perdtmto
461 1663 484 1710 in
496 1664 661 1710 sanctissimum
680 1662 750 1712 Jovis
766 1673 827 1713 tem·

69 1780 72 1787 ,
156 1729 226 1794 plum,
237 1731 365 1777 veterrimae
376 1729 529 1783 Macedonum
540 1728 661 1791 religionis,
680 1728 828 1787 Ptolemaeus

157 1794 239 1843 sumtis
248 1795 272 1840 in
283 1809 364 1841 manus
379 1794 494 1851 altaribus,
505 1795 639 1856 contingens
649 1794 700 1855 ipsa
709 1795 830 1845 simulacra

157 1866 183 1908 ct
197 1859 322 1922 pulvinaria
332 1858 442 1912 Deorum,
462 1859 567 1906 inauditis
578 1857 707 1919 ultimisque
720 1875 829 1909 asem.

158 1925 257 1977 tionibus
267 1924 360 1986 adjurat,
378 1939 403 1969 se
413 1921 501 1970 sinceri
509 1922 554 1971 lide
564 1923 733 1975 matrimonium
745 1927 830 1975 sororio

158 1996 249 2055 petere3
266 1997 491 2051 nuncupaturumque
507 2004 532 2035 se
546 2003 596 2035 eom
613 1987 731 2050 reginam
749 2006 830 2054 neque

158 2059 184 2105 in
194 2054 352 2104 contumeliam
363 2054 418 2116 ejus,
430 2069 456 2101 se
466 2054 532 2102 aliam
542 2066 643 2108 uxorem,
654 2052 751 2112 aliosve,
762 2071 830 2117 qm

158 2120 219 2170 filios
229 2121 284 2184 ejus,
293 2119 521 2169 liberosltabiturunr.
552 2117 651 2165 Arsinoe
668 2125 792 2180 postquam
808 2127 832 2169 st

160 2202 202 2249 spe
211 2187 303 2249 impleta
312 2191 354 2239 est,
365 2191 389 2230 et
398 2192 462 2230 metu
472 2182 552 2237 soluta,
570 2184 619 2245 ipsa
636 2196 690 2228 cum
701 2182 774 2233 fratre
783 2185 832 2234 col,

159 2250 276 2311 loquimr3
293 2251 357 2312 cujus
366 2247 443 2295 vultus
454 2255 478 2296 et
487 2247 625 2294 blandientes
632 2246 693 2293 oculi
701 2263 757 2295 cum
764 2249 832 2298 naon

281 2395 295 2424 o

160 2441 430 2493 niomirctrisconoedit.
826 2460 829 2469 =

195 2504 245 2553 ΙΙΙ.
259 2504 354 2568 Nuptiae
364 2522 448 2568 magno
459 2512 571 2570 apponam
587 2503 712 2567 laetitidquo
730 2509 834 2556 omnium

162 2573 310 2621 oelebraourr.
341 2570 381 2618 Ad
398 2571 530 2618 concionem
551 2584 640 2632 quoque
660 2579 746 2618 vocato
766 2588 833 2620 exer·

163 2637 217 2694 asu,
228 2635 296 2699 ruffi
305 2634 389 2691 mori·
398 2634 500 2684 uram
509 2636 611 2700 imponit,
621 2636 773 2701 “dmum
782 2652 832 2687 m
