1800 2942
153 163 203 210 352
272 153 408 209 JUSTINI
425 153 479 204 Lu.
489 152 588 202 xxxl.
607 151 700 203 ΟΜ.

154 296 178 337 et
196 289 257 351 regis
274 293 403 351 apparatum
423 284 597 348 specularentur,
618 290 643 330 et
665 280 820 331 Hannibalem

153 362 193 402 sut
208 352 319 401 Romanis
332 352 469 412 mitigarent,
488 357 527 397 eut
543 348 633 396 aruum
651 347 765 408 colloquio
782 364 821 395 su·

154 427 256 481 spectum
273 418 414 477 invisumque
430 416 479 476 regi
495 414 619 460 redderent
653 411 735 473 Itaque
749 412 821 476 legati

154 498 207 530 euro
218 482 303 545 Ephesi
314 482 473 528 convenissent
484 476 535 543 [ud]
551 478 698 531 Antiochum,
715 478 822 525 mandata

155 548 176 595 ei
198 547 289 595 senstlls
311 547 406 592 trudunt
442 543 508 591 Dum
530 543 660 605 responsum
680 551 822 603 aspectam,

156 613 259 660 omnibus
270 612 347 658 (liebus
361 610 442 657 assidui
458 611 518 656 cirea
534 607 686 655 Hannibalem
696 604 770 661 luere,
788 606 821 652 (li-

157 684 240 732 centes,
258 680 274 706 “
286 677 363 723 timide
373 690 425 722 eum
436 689 450 721 a
460 671 532 735 patrii
542 674 666 725 reoessisse,
678 686 732 718 oum
743 685 821 734 paoem

156 740 265 799 Romani,
280 756 326 787 non
338 748 384 787 tam
395 755 447 786 cum
459 736 570 800 republica
580 738 636 800 ejus,
651 751 719 797 quarn
732 751 785 782 cum
795 751 822 783 eo

155 806 244 860 sattim,
261 803 348 851 summi
362 804 406 851 flue
420 803 561 851 custodiente
581 817 623 849 neo
635 802 693 847 bella
706 816 762 848 eum
773 799 820 847 Ro·

157 884 274 918 manorum
290 870 362 930 magis
373 869 431 924 odio,
447 883 515 929 quam
525 867 604 929 putriae
614 881 698 921 amore,
715 865 820 927 gessisse,

157 935 194 981 cui
210 935 237 981 ab
252 934 335 995 optimo
349 948 438 993 quoque
453 933 520 979 etiam
537 932 626 994 spiritus
645 931 694 992 ipse
710 930 822 977 debeatur.

158 998 211 1045 Has
222 999 282 1045 enlm
293 998 392 1059 publicas
406 999 465 1044 inter
475 997 576 1060 populos,
592 1010 639 1042 non
649 996 751 1056 privatas
767 996 823 1041 iuter

157 1064 232 1116 duces,
249 1062 345 1110 bellandi
360 1077 439 1108 causas
454 1060 529 1108 esse.”
563 1059 620 1107 Inde
635 1059 671 1106 res
682 1068 762 1120 gustas
776 1061 821 1122 ejua

157 1128 254 1175 laudare.
289 1128 393 1182 Quorum
406 1141 510 1173 sermone
520 1126 594 1178 laetus,
611 1124 694 1188 saepius
709 1125 822 1185 cupidius·

158 1209 202 1255 que
213 1209 264 1241 eum
272 1194 354 1255 legatis
361 1192 535 1252 colloquebatur,
546 1191 645 1252 ignarus,
657 1190 720 1249 quod
730 1189 824 1236 familia·

158 1260 223 1307 ritate
249 1256 355 1306 Romani
381 1258 456 1304 odium
485 1256 526 1301 sibi
550 1255 608 1317 apud
630 1268 709 1314 regern
732 1261 825 1301 crearet.

159 1323 250 1387 Quippe
261 1323 395 1376 Antiochus,
412 1329 457 1367 tam
468 1320 558 1366 assiduo
568 1318 680 1378 colloquio
691 1320 825 1365 reconcilia·

150 1397 204 1435 -tam
215 1391 263 1452 ejus
277 1402 328 1435 cum
340 1387 450 1434 Romanis
464 1384 560 1446 gratiam
575 1383 713 1437 existimans,
731 1383 789 1430 nibil
798 1382 826 1430 sd

158 1468 217 1507 eum,
230 1452 293 1500 sicuti
305 1452 396 1503 solebat.
406 1450 504 1507 relerre;
521 1455 680 1511 expertemque
689 1447 762 1494 totius
771 1464 824 1495 cou-

158 1519 207 1574 silli,
218 1518 287 1565 veluti
296 1518 382 1563 bostem
391 1515 572 1578 proditoremque
582 1528 654 1566 suurn,
666 1512 743 1559 odisse
751 1514 826 1575 erepit.

159 1582 219 1637 Quae
231 1598 266 1629 res
277 1591 364 1629 tanturn
376 1586 506 1643 apparatum
517 1578 575 1632 belli,
588 1585 691 1625 cessante
702 1578 824 1639 imperato-

158 1646 191 1693 riis
201 1654 255 1701 arte,
269 1648 373 1709 eorrupit.
408 1644 505 1692 Senatus
511 1643 616 1690 mandata
624 1642 721 1698 fuerant,
734 1650 760 1689 ut
771 1657 824 1690 cou-

158 1719 235 1758 tentus
256 1713 357 1758 terminis
379 1710 442 1757 Asiae
465 1716 531 1764 esset,
557 1722 587 1754 ne
608 1707 661 1769 ipsis
682 1707 825 1768 ingrediendi

157 1775 238 1823 Asiam
249 1777 405 1823 necessitatem
417 1776 549 1837 imponeret.
582 1771 670 1826 Quibus
678 1772 768 1833 spretis,
780 1786 825 1819 uon

157 1840 311 1901 accipiendum
322 1841 405 1886 bellum
417 1841 503 1894 statuit,
516 1838 556 1886 sed
567 1836 716 1883 inserendum.

191 1903 223 1952 V.
239 1902 338 1958 Dicitur,
361 1920 414 1951 eum
432 1903 562 1964 frequenter
580 1900 683 1948 debello
703 1901 825 1947 consilium

159 1970 277 2022 habuisset,
300 1977 387 2016 remoto
405 1968 541 2021 Hannibale,
565 1966 654 2013 taudem
674 1980 728 2012 eum
747 1966 824 2012 voorri

154 2036 256 2099 jussisse,
273 2049 318 2081 uon
331 2041 355 2080 ut
366 2048 395 2081 ex
407 2031 519 2080 sentenut
529 2034 578 2095 ejus
588 2030 670 2090 aliquid
680 2038 769 2091 agerer,
786 2029 824 2076 κά

158 2116 188 2147 ne
199 2116 239 2162 per
251 2100 327 2146 omnia
339 2114 391 2146 eum
408 2098 519 2160 sprevisse
530 2097 655 2152 videretur;
674 2096 824 2155 omnibusque

158 2166 289 2227 perrogatis,
298 2172 436 2226 postremum
443 2160 601 2223 interrogbsse.
618 2158 672 2213 Quo
679 2158 824 2206 illeauimatl·
895 2187 896 2190 =

158 2244 232 2282 verso,
248 2229 375 2291 intelligere
395 2244 419 2275 se
429 2227 544 2289 professus
562 2234 604 2280 est,
622 2237 668 2270 uon
688 2224 742 2284 quia
758 2229 824 2285 egent
895 2253 896 2266 r

160 2293 260 2347 oonsilio,
278 2294 317 2340 sed
328 2294 356 2340 ad
367 2292 515 2354 supplendum
532 2304 650 2336 numerum
662 2289 824 2338 sententiarum

158 2370 184 2402 se
194 2366 313 2403 voratumz
333 2366 408 2403 tumen
425 2359 448 2403 et
464 2356 516 2402 odio
530 2354 693 2405 Romanorum,
711 2359 735 2398 et
749 2366 825 2398 amore

159 2420 227 2480 regis,
240 2422 298 2481 apud
309 2437 374 2481 quem
387 2422 459 2467 solum
470 2427 545 2466 tutum
556 2420 597 2465 sibi
607 2417 711 2464 exsilium
721 2417 824 2464 relietum

159 2484 196 2536 sit,
209 2498 233 2530 se
244 2486 303 2530 viam
314 2485 407 2545 gerendi
418 2485 470 2530 belli
480 2486 648 2530 edissertumur.
675 2480 777 2534 Veniam
787 2482 825 2527 de·

158 2546 212 2593 inde
230 2547 324 2594 libertati
341 2548 454 2609 praefatus,
473 2554 488 2578 ‘⁶
499 2547 555 2594 nibil
573 2562 598 2594 se
614 2553 653 2594 sut
671 2546 824 2600 consiliorum,
894 2579 895 2582 η

161 2616 199 2657 sut
207 2619 332 2673 ereptorum
341 2613 493 2673 presentium,
501 2608 620 2673 probare,”
628 2610 672 2656 ait:
688 2616 826 2671 “nequisse

161 2674 212 2724 dem
227 2674 278 2723 belli
290 2674 403 2725 Graeciam
418 2676 461 2724 sibi
475 2676 570 2740 placere,
586 2690 637 2726 oum
654 2671 722 2724 Italis
737 2674 825 2724 uberior
