1800 2942
154 122 204 169 370
257 117 401 170 ῊΙΒΤΙΝΙ
417 117 472 167 Ian.
480 115 605 165 XXXVI.
621 114 682 197 Car.
693 121 718 166 2.

154 256 246 312 propter
260 249 385 312 superbiam
401 249 494 305 invisus,
513 255 537 295 et
554 247 625 296 frater
640 253 733 311 propter
749 247 826 310 segni-

154 315 209 361 tiam
220 321 347 362 contemtus
362 313 449 367 fuisset,
462 329 492 360 ae
505 314 529 359 in
544 313 623 359 eadem
636 314 692 360 vitia
704 313 823 366 incideret,

153 377 244 441 recepti
261 380 285 425 in
308 379 476 426 matrimonium
496 375 623 439 cleopatra
647 392 719 424 uxore
739 376 822 431 fratris

153 444 262 499 civitates,
269 459 320 505 quae
328 445 384 490 vitio
392 443 484 490 fraterni
492 442 580 504 imperii
588 442 722 498 defecerant,
734 441 823 489 summi

152 506 261 555 industrii
276 509 423 571 persequitur,
443 508 584 567 domitasque
599 523 677 554 rursus
693 507 759 570 regni
777 515 823 554 ter-

99 623 104 632 ,
153 574 221 631 minis
231 573 312 635 adjicit.
344 572 438 622 Judaeos
455 587 550 633 quoque,
566 572 611 632 qui,
628 573 652 618 in
667 572 821 619 Macedonico

153 639 254 700 imperio,
269 639 310 684 sub
324 637 444 685 Demetrio
460 644 529 699 patre,
545 636 614 683 armis
624 651 649 684 se
659 636 684 685 in
695 635 820 684 libertatem

151 703 327 755 vindicaverant,
339 703 429 765 subigit.
464 701 568 756 Quorum
584 702 644 748 vires
660 710 734 748 tantae
750 699 819 757 fuere,

152 774 179 814 ut
194 776 245 828 post
261 768 321 813 huuc
339 767 425 813 nullum
445 766 600 814 Macedonum
619 781 698 828 regem
719 766 819 820 oderim,

152 832 323 894 domesticisque
334 833 433 893 imperlis
444 833 487 888 usi,
499 831 587 892 Syriam
599 831 689 894 magnis
704 830 771 878 bellis
784 832 818 877 in-

150 895 291 944 festaverint
640 933 664 944 ,,

184 959 219 1008 IL
235 959 340 1021 Namque
350 959 439 1009 Judaeis
450 962 515 1023 origo
526 960 677 1015 Damascena,
692 961 768 1022 Syriae
778 975 818 1007 no·

149 1025 259 1073 bilissima
270 1026 364 1083 civitas;
381 1026 475 1072 undeet
487 1027 588 1087 Assyriis
601 1027 692 1086 regibus
704 1041 786 1087 genus,
796 1031 818 1070 et

150 1089 237 1152 reginae
254 1090 393 1138 Semiramidi
411 1090 462 1137 fuit.
495 1090 587 1138 Nomen
604 1092 651 1137 urbi
670 1106 685 1137 a
703 1089 818 1138 Damasco

149 1170 205 1218 rege
224 1156 335 1214 inditum;
360 1157 384 1202 in
400 1157 465 1218 cujus
482 1157 591 1202 honorem
611 1156 670 1216 Syrii
691 1157 819 1217 sepulcrum

149 1222 244 1268 Arathia
255 1222 331 1269 uxoris
341 1223 389 1283 ejus
399 1236 439 1283 pro
451 1222 536 1282 templo
543 1218 640 1273 coluere,
649 1219 773 1281 Deumque
778 1233 818 1267 ex·

149 1285 203 1332 inde
222 1287 370 1334 sanctissimae
385 1286 502 1348 religionis
518 1287 607 1333 habent
643 1283 701 1331 Post
717 1284 819 1332 Damas·

150 1365 210 1406 cum,
221 1352 317 1404 Azelus,
330 1366 384 1397 mox
397 1350 494 1403 Adores,
511 1358 535 1398 et
551 1350 672 1404 Abraham,
692 1356 717 1396 et
731 1348 820 1397 Israhel
851 1373 854 1382 κ

149 1430 216 1477 reges
233 1414 305 1480 iniere.
342 1416 387 1462 Sed
405 1414 529 1462 Israhelem
548 1415 603 1462 ielix
621 1414 700 1461 decem
719 1413 816 1461 filiorum

147 1489 272 1542 proventus
282 1481 402 1543 majoribus
413 1482 460 1527 suis
467 1480 583 1527 clariorem
591 1479 652 1526 iecit.
686 1477 769 1541 Itaque
776 1494 817 1541 po-

147 1545 226 1607 pulum
241 1548 264 1592 in
276 1547 352 1593 decem
364 1561 435 1607 regna
445 1546 542 1592 divisum
554 1544 605 1591 tiliis
616 1544 714 1599 tradidit,
726 1558 820 1591 omnes·

149 1624 193 1669 que
204 1624 233 1656 ex
241 1612 332 1657 nominc
340 1610 357 1659 J
358 1610 414 1665 udae,
426 1611 463 1671 qui
474 1617 526 1671 post
536 1611 670 1657 divisionem
681 1609 816 1665 decesserat.

147 1672 243 1722 Judaeos
254 1676 390 1738 appellavit;
407 1676 495 1736 colique
510 1676 559 1737 ejus
574 1674 706 1721 memoriam
722 1676 752 1721 ab
768 1690 817 1722 om·

148 1738 214 1785 nibus
220 1740 295 1800 jussit,
307 1742 370 1802 qu'us
378 1741 450 1802 portio
462 1740 566 1786 omnibus
576 1748 708 1786 accesserat.
742 1739 816 1786 Mmi·

148 1817 200 1850 mus
216 1810 283 1851 aetate
296 1806 353 1850 inter
369 1803 609 1865 iratresJosephfuit5
626 1805 691 1866 cujus
702 1804 817 1850 excellens

147 1868 264 1931 ingenium
276 1869 340 1914 veriti
351 1867 438 1923 iratres,
453 1870 510 1915 clam
525 1869 674 1930 interceptum
688 1869 818 1931 peregrinis

147 1934 308 1980 mercatoribus
320 1933 474 1980 vendiderunt.
506 1933 623 1994 liquibus
641 1932 774 1994 deportatus
792 1934 816 1979 in

147 1995 284 2062 AEgyptum,
303 2013 354 2044 curn
373 1999 474 2060 magicas
492 1998 522 2044 ibi
539 2006 599 2044 artes
614 1997 701 2044 sollerti
722 1998 820 2059 ingenio

145 2064 287 2126 percepisset,
296 2063 357 2110 brevi
366 2063 407 2125 ipsi
416 2063 464 2125 regi
475 2078 581 2125 percarus
590 2062 646 2109 luit:
665 2077 719 2109 uam
730 2071 755 2109 et
763 2077 816 2125 pro·

146 2128 259 2189 digiorum
270 2129 428 2192 sagacissimus
436 2135 491 2181 erat,
500 2136 524 2173 et
531 2126 670 2174 somniorum
680 2129 770 2189 primus
780 2128 816 2173 in·
890 2133 891 2148 ¹

146 2193 294 2255 aelligentiam
306 2194 411 2246 condidit,
423 2193 524 2252 nilrilque
534 2192 603 2238 divini
609 2193 667 2253 juris
677 2193 817 2254 humanique
890 2193 891 2210 ¹

145 2257 167 2303 ei
178 2258 319 2318 incognitum
332 2257 460 2313 videbatur;
478 2257 541 2310 adeo,
557 2264 582 2302 ut
594 2258 661 2303 etiam
673 2257 817 2304 sterilitatem

145 2335 252 2383 agrorum
268 2331 322 2369 ante
337 2322 421 2369 multos
437 2336 509 2369 annos
519 2322 655 2383 providerit:
675 2321 817 2383 perissetque

146 2385 220 2431 omnis
230 2385 347 2449 AEgyptus
357 2387 423 2439 lame,
439 2387 490 2441 nisi,
503 2386 662 2452 monituxejus,
681 2400 724 2432 res
739 2387 816 2433 edicto

146 2450 230 2495 servari
244 2466 284 2513 per
299 2452 383 2498 multos
398 2465 471 2497 annos
483 2450 685 2514 irogesJussisset:
704 2457 816 2511 tantaque

146 2515 299 2574 experimenta
310 2517 358 2577 ejus
368 2515 467 2570 fuerunt,
481 2524 506 2562 ut
520 2531 566 2562 non
583 2516 610 2561 ab
627 2516 727 2571 homine,
744 2516 787 2563 sed
802 2529 816 2562 a

146 2576 207 2633 Deo,
219 2592 327 2640 responsa
342 2580 390 2626 dari
404 2579 543 2628 viderentur.
575 2578 647 2626 Filius
664 2582 715 2643 ejus
732 2579 817 2627 Moses

145 2639 196 2697 fait,
216 2657 291 2704 quem,
308 2650 392 2707 praeter
408 2651 511 2707 paternae
531 2644 632 2692 scientim
651 2644 817 2701 meditatus,
