<?xml version="1.0" encoding="UTF-8"?>
<!DOCTYPE html PUBLIC "-//W3C//DTD XHTML 1.0 Transitional//EN"
    "http://www.w3.org/TR/xhtml1/DTD/xhtml1-transitional.dtd">
<html xmlns="http://www.w3.org/1999/xhtml" xml:lang="en" lang="en">
 <head>
  <title>
</title>
<meta http-equiv="Content-Type" content="text/html;charset=utf-8" />
  <meta name='ocr-system' content='tesseract 3.04.00' />
  <meta name='ocr-capabilities' content='ocr_page ocr_carea ocr_par ocr_line ocrx_word'/>
</head>
<body>
  <div class='ocr_page' id='page_1' title='image "./quaeintegrasupe00grongoog_0167.png"; bbox 0 0 1800 2942; ppageno 0'>
   <div class='ocr_carea' id='block_1_1' title="bbox 255 129 769 192">
    <p class='ocr_par' dir='ltr' id='par_1_1' title="bbox 255 129 769 192">
     <span class='ocr_line' id='line_1_1' title="bbox 255 129 769 192; baseline -0.002 0"><span class='ocrx_word' id='word_1_1' title='bbox 255 129 453 192; x_wconf 76' lang='lat' dir='ltr'><strong>nmrnrrrr</strong></span> <span class='ocrx_word' id='word_1_2' title='bbox 470 139 609 191; x_wconf 72' lang='lat' dir='ltr'><strong>onorio.</strong></span> <span class='ocrx_word' id='word_1_3' title='bbox 722 143 769 191; x_wconf 80' lang='lat' dir='ltr'><strong>rso</strong></span> 
     </span>
    </p>
   </div>
   <div class='ocr_carea' id='block_1_2' title="bbox 88 269 797 2617">
    <p class='ocr_par' dir='ltr' id='par_1_2' title="bbox 88 269 773 791">
     <span class='ocr_line' id='line_1_2' title="bbox 88 269 771 401; baseline -0.007 -13"><span class='ocrx_word' id='word_1_4' title='bbox 88 269 771 401; x_wconf 57' lang='lat' dir='ltr'><strong>·iiitn¹{t:tittiiit⁰⁰tltttiti¹¹”lit</strong></span> 
     </span>
     <span class='ocr_line' id='line_1_3' title="bbox 96 401 769 468; baseline -0.01 -14"><span class='ocrx_word' id='word_1_5' title='bbox 96 405 197 468; x_wconf 77' lang='lat' dir='ltr'><strong>despecti</strong></span> <span class='ocrx_word' id='word_1_6' title='bbox 213 412 237 453; x_wconf 86' lang='lat' dir='ltr'><strong>et</strong></span> <span class='ocrx_word' id='word_1_7' title='bbox 255 404 342 467; x_wconf 79' lang='lat' dir='ltr'><strong>indigni</strong></span> <span class='ocrx_word' id='word_1_8' title='bbox 353 402 466 466; x_wconf 76' lang='lat' dir='ltr'><strong>republicis</strong></span> <span class='ocrx_word' id='word_1_9' title='bbox 475 403 552 458; x_wconf 85' lang='lat' dir='ltr'><strong>babiti,</strong></span> <span class='ocrx_word' id='word_1_10' title='bbox 568 402 651 465; x_wconf 81' lang='lat' dir='ltr'><strong>praedae</strong></span> <span class='ocrx_word' id='word_1_11' title='bbox 662 401 713 448; x_wconf 89' lang='lat' dir='ltr'><strong>loco</strong></span> <span class='ocrx_word' id='word_1_12' title='bbox 725 415 769 447; x_wconf 81' lang='lat' dir='ltr'><strong>aes·</strong></span> 
     </span>
     <span class='ocr_line' id='line_1_4' title="bbox 96 466 773 532; baseline -0.01 -14"><span class='ocrx_word' id='word_1_13' title='bbox 96 477 231 527; x_wconf 59' lang='lat' dir='ltr'><strong>iumentum</strong></span> <span class='ocrx_word' id='word_1_14' title='bbox 248 471 330 532; x_wconf 83' lang='lat' dir='ltr'><strong>quippe</strong></span> <span class='ocrx_word' id='word_1_15' title='bbox 343 477 406 516; x_wconf 82' lang='lat' dir='ltr'><strong>metu</strong></span> <span class='ocrx_word' id='word_1_16' title='bbox 423 483 502 531; x_wconf 77' lang='lat' dir='ltr'><strong>paoem</strong></span> <span class='ocrx_word' id='word_1_17' title='bbox 518 475 653 530; x_wconf 74' lang='lat' dir='ltr'>repetentes,</span> <span class='ocrx_word' id='word_1_18' title='bbox 672 481 717 527; x_wconf 91' lang='lat' dir='ltr'><strong>quo</strong></span> <span class='ocrx_word' id='word_1_19' title='bbox 727 466 773 512; x_wconf 40' lang='lat' dir='ltr'><strong>lis-³</strong></span> 
     </span>
     <span class='ocr_line' id='line_1_5' title="bbox 96 531 771 596; baseline -0.01 -13"><span class='ocrx_word' id='word_1_20' title='bbox 96 536 167 584; x_wconf 72' lang='lat' dir='ltr'><strong>bitum</strong></span> <span class='ocrx_word' id='word_1_21' title='bbox 180 536 310 583; x_wconf 78' lang='lat' dir='ltr'><strong>amiserunt.</strong></span> <span class='ocrx_word' id='word_1_22' title='bbox 340 533 455 595; x_wconf 85' lang='lat' dir='ltr'><strong>Equidem</strong></span> <span class='ocrx_word' id='word_1_23' title='bbox 470 549 485 580; x_wconf 84' lang='lat' dir='ltr'><strong>s</strong></span> <span class='ocrx_word' id='word_1_24' title='bbox 499 534 615 596; x_wconf 88' lang='lat' dir='ltr'><strong>principio,</strong></span> <span class='ocrx_word' id='word_1_25' title='bbox 634 547 685 579; x_wconf 88' lang='lat' dir='ltr'><strong>cum</strong></span> <span class='ocrx_word' id='word_1_26' title='bbox 698 531 771 578; x_wconf 87' lang='lat' dir='ltr'><strong>Etru·</strong></span> 
     </span>
     <span class='ocr_line' id='line_1_6' title="bbox 97 596 771 664; baseline -0.007 -16"><span class='ocrx_word' id='word_1_27' title='bbox 97 601 154 648; x_wconf 78' lang='lat' dir='ltr'><strong>sirm</strong></span> <span class='ocrx_word' id='word_1_28' title='bbox 176 602 303 664; x_wconf 77' lang='lat' dir='ltr'><strong>conjurare,</strong></span> <span class='ocrx_word' id='word_1_29' title='bbox 330 600 467 662; x_wconf 83' lang='lat' dir='ltr'><strong>proscriptos</strong></span> <span class='ocrx_word' id='word_1_30' title='bbox 488 599 597 652; x_wconf 81' lang='lat' dir='ltr'><strong>arcessiri,</strong></span> <span class='ocrx_word' id='word_1_31' title='bbox 614 596 771 660; x_wconf 73' lang='lat' dir='ltr'><strong>largitionibus</strong></span> 
     </span>
     <span class='ocr_line' id='line_1_7' title="bbox 97 662 769 727; baseline -0.006 -15"><span class='ocrx_word' id='word_1_32' title='bbox 97 666 260 727; x_wconf 76' lang='lat' dir='ltr'><strong>rempublicam</strong></span> <span class='ocrx_word' id='word_1_33' title='bbox 267 665 358 712; x_wconf 76' lang='lat' dir='ltr'><strong>lacerari</strong></span> <span class='ocrx_word' id='word_1_34' title='bbox 366 664 477 718; x_wconf 80' lang='lat' dir='ltr'><strong>videbam,</strong></span> <span class='ocrx_word' id='word_1_35' title='bbox 485 664 641 710; x_wconf 73' lang='lat' dir='ltr'><strong>maturandum</strong></span> <span class='ocrx_word' id='word_1_36' title='bbox 648 662 769 725; x_wconf 73' lang='lat' dir='ltr'><strong>putsbum3</strong></span> 
     </span>
     <span class='ocr_line' id='line_1_8' title="bbox 97 729 654 791; baseline -0.005 -13"><span class='ocrx_word' id='word_1_37' title='bbox 97 737 123 778; x_wconf 79' lang='lat' dir='ltr'><strong>et</strong></span> <span class='ocrx_word' id='word_1_38' title='bbox 131 729 209 779; x_wconf 80' lang='lat' dir='ltr'><strong>Catuli</strong></span> <span class='ocrx_word' id='word_1_39' title='bbox 221 730 321 785; x_wconf 76' lang='lat' dir='ltr'><strong>consilis,</strong></span> <span class='ocrx_word' id='word_1_40' title='bbox 333 745 385 776; x_wconf 88' lang='lat' dir='ltr'><strong>cum</strong></span> <span class='ocrx_word' id='word_1_41' title='bbox 395 730 480 791; x_wconf 77' lang='lat' dir='ltr'><strong>prucis,</strong></span> <span class='ocrx_word' id='word_1_42' title='bbox 493 737 585 776; x_wconf 83' lang='lat' dir='ltr'><strong>secutus</strong></span> <span class='ocrx_word' id='word_1_43' title='bbox 596 743 654 775; x_wconf 88' lang='lat' dir='ltr'><strong>sum.</strong></span> 
     </span>
    </p>

    <p class='ocr_par' dir='ltr' id='par_1_3' title="bbox 96 790 797 1834">
     <span class='ocr_line' id='line_1_9' title="bbox 108 790 771 858; baseline -0.009 -14"><span class='ocrx_word' id='word_1_44' title='bbox 108 828 112 833; x_wconf 90' lang='lat'><em>-</em></span> <span class='ocrx_word' id='word_1_45' title='bbox 133 793 251 844; x_wconf 80' lang='lat' dir='ltr'><strong>Coeterurn</strong></span> <span class='ocrx_word' id='word_1_46' title='bbox 261 795 301 849; x_wconf 92' lang='lat' dir='ltr'><strong>illi,</strong></span> <span class='ocrx_word' id='word_1_47' title='bbox 322 796 361 856; x_wconf 91' lang='lat' dir='ltr'><strong>qui</strong></span> <span class='ocrx_word' id='word_1_48' title='bbox 371 795 447 858; x_wconf 78' lang='lat' dir='ltr'><strong>gentis</strong></span> <span class='ocrx_word' id='word_1_49' title='bbox 459 794 561 841; x_wconf 84' lang='lat' dir='ltr'><strong>AEmiliae</strong></span> <span class='ocrx_word' id='word_1_50' title='bbox 570 791 688 840; x_wconf 83' lang='lat' dir='ltr'><strong>beneisets</strong></span> <span class='ocrx_word' id='word_1_51' title='bbox 697 790 771 838; x_wconf 82' lang='lat' dir='ltr'><strong>extol-</strong></span> 
     </span>
     <span class='ocr_line' id='line_1_10' title="bbox 97 857 770 923; baseline -0.007 -15"><span class='ocrx_word' id='word_1_52' title='bbox 97 861 183 914; x_wconf 77' lang='lat' dir='ltr'><strong>lebant,</strong></span> <span class='ocrx_word' id='word_1_53' title='bbox 201 867 226 907; x_wconf 91' lang='lat' dir='ltr'><strong>et</strong></span> <span class='ocrx_word' id='word_1_54' title='bbox 239 861 380 923; x_wconf 76' lang='lat' dir='ltr'><strong>ignmcrrudo</strong></span> <span class='ocrx_word' id='word_1_55' title='bbox 391 861 469 922; x_wconf 92' lang='lat' dir='ltr'><strong>populi</strong></span> <span class='ocrx_word' id='word_1_56' title='bbox 479 859 579 906; x_wconf 88' lang='lat' dir='ltr'><strong>Romsni</strong></span> <span class='ocrx_word' id='word_1_57' title='bbox 590 857 770 921; x_wconf 77' lang='lat' dir='ltr'><strong>magnitudinem</strong></span> 
     </span>
     <span class='ocr_line' id='line_1_11' title="bbox 97 923 770 986; baseline -0.007 -13"><span class='ocrx_word' id='word_1_58' title='bbox 97 926 196 979; x_wconf 70' lang='lat' dir='ltr'><strong>unisse,</strong></span> <span class='ocrx_word' id='word_1_59' title='bbox 216 940 327 986; x_wconf 78' lang='lat' dir='ltr'><strong>nusquam</strong></span> <span class='ocrx_word' id='word_1_60' title='bbox 341 927 409 972; x_wconf 79' lang='lat' dir='ltr'><strong>etiam</strong></span> <span class='ocrx_word' id='word_1_61' title='bbox 427 933 476 972; x_wconf 88' lang='lat' dir='ltr'><strong>tum</strong></span> <span class='ocrx_word' id='word_1_62' title='bbox 494 923 606 986; x_wconf 81' lang='lat' dir='ltr'><strong>lepidum</strong></span> <span class='ocrx_word' id='word_1_63' title='bbox 625 936 770 986; x_wconf 77' lang='lat' dir='ltr'><strong>progressum</strong></span> 
     </span>
     <span class='ocr_line' id='line_1_12' title="bbox 96 987 772 1052; baseline -0.007 -14"><span class='ocrx_word' id='word_1_64' title='bbox 96 991 203 1047; x_wconf 75' lang='lat' dir='ltr'><strong>uiebuut3</strong></span> <span class='ocrx_word' id='word_1_65' title='bbox 220 1005 273 1037; x_wconf 88' lang='lat' dir='ltr'><strong>cum</strong></span> <span class='ocrx_word' id='word_1_66' title='bbox 294 991 381 1052; x_wconf 77' lang='lat' dir='ltr'><strong>primis</strong></span> <span class='ocrx_word' id='word_1_67' title='bbox 401 1005 464 1037; x_wconf 75' lang='lat' dir='ltr'><strong>mma</strong></span> <span class='ocrx_word' id='word_1_68' title='bbox 485 988 641 1052; x_wconf 76' lang='lat' dir='ltr'><strong>opprimundae</strong></span> <span class='ocrx_word' id='word_1_69' title='bbox 662 987 772 1035; x_wconf 80' lang='lat' dir='ltr'><strong>libertstis</strong></span> 
     </span>
     <span class='ocr_line' id='line_1_13' title="bbox 97 1052 769 1118; baseline -0.007 -14"><span class='ocrx_word' id='word_1_70' title='bbox 97 1056 203 1118; x_wconf 79' lang='lat' dir='ltr'><strong>cepisset,</strong></span> <span class='ocrx_word' id='word_1_71' title='bbox 220 1056 261 1103; x_wconf 87' lang='lat' dir='ltr'><strong>sibi</strong></span> <span class='ocrx_word' id='word_1_72' title='bbox 277 1057 371 1117; x_wconf 86' lang='lat' dir='ltr'><strong>quisque</strong></span> <span class='ocrx_word' id='word_1_73' title='bbox 382 1071 437 1117; x_wconf 88' lang='lat' dir='ltr'><strong>opes</strong></span> <span class='ocrx_word' id='word_1_74' title='bbox 447 1063 487 1102; x_wconf 82' lang='lat' dir='ltr'><strong>sut</strong></span> <span class='ocrx_word' id='word_1_75' title='bbox 497 1055 623 1118; x_wconf 79' lang='lat' dir='ltr'><strong>patrocinis</strong></span> <span class='ocrx_word' id='word_1_76' title='bbox 637 1052 769 1117; x_wconf 85' lang='lat' dir='ltr'><strong>quaerundo,</strong></span> 
     </span>
     <span class='ocr_line' id='line_1_14' title="bbox 97 1115 771 1184; baseline -0.007 -16"><span class='ocrx_word' id='word_1_77' title='bbox 97 1120 218 1169; x_wconf 85' lang='lat' dir='ltr'><strong>consilium</strong></span> <span class='ocrx_word' id='word_1_78' title='bbox 230 1121 343 1182; x_wconf 87' lang='lat' dir='ltr'><strong>publicum</strong></span> <span class='ocrx_word' id='word_1_79' title='bbox 354 1127 508 1184; x_wconf 72' lang='lat' dir='ltr'><strong>corruperunt,</strong></span> <span class='ocrx_word' id='word_1_80' title='bbox 541 1120 652 1167; x_wconf 74' lang='lat' dir='ltr'><strong>Attamen</strong></span> <span class='ocrx_word' id='word_1_81' title='bbox 663 1124 712 1165; x_wconf 80' lang='lat' dir='ltr'><strong>erut</strong></span> <span class='ocrx_word' id='word_1_82' title='bbox 723 1115 771 1164; x_wconf 80' lang='lat' dir='ltr'><strong>Le·</strong></span> 
     </span>
     <span class='ocr_line' id='line_1_15' title="bbox 97 1184 770 1248; baseline -0.007 -15"><span class='ocrx_word' id='word_1_83' title='bbox 97 1185 166 1248; x_wconf 78' lang='lat' dir='ltr'><strong>pidss</strong></span> <span class='ocrx_word' id='word_1_84' title='bbox 175 1186 234 1232; x_wconf 78' lang='lat' dir='ltr'><strong>latro</strong></span> <span class='ocrx_word' id='word_1_85' title='bbox 244 1201 296 1233; x_wconf 89' lang='lat' dir='ltr'><strong>cum</strong></span> <span class='ocrx_word' id='word_1_86' title='bbox 308 1186 423 1233; x_wconf 80' lang='lat' dir='ltr'><strong>colonibus</strong></span> <span class='ocrx_word' id='word_1_87' title='bbox 434 1192 458 1232; x_wconf 91' lang='lat' dir='ltr'><strong>et</strong></span> <span class='ocrx_word' id='word_1_88' title='bbox 467 1185 546 1247; x_wconf 77' lang='lat' dir='ltr'><strong>paucis</strong></span> <span class='ocrx_word' id='word_1_89' title='bbox 556 1184 656 1241; x_wconf 78' lang='lat' dir='ltr'><strong>sicariis;</strong></span> <span class='ocrx_word' id='word_1_90' title='bbox 672 1196 770 1243; x_wconf 91' lang='lat' dir='ltr'><strong>quorum</strong></span> 
     </span>
     <span class='ocr_line' id='line_1_16' title="bbox 97 1249 771 1309; baseline -0.007 -11"><span class='ocrx_word' id='word_1_91' title='bbox 97 1265 170 1299; x_wconf 83' lang='lat' dir='ltr'><strong>rsemo</strong></span> <span class='ocrx_word' id='word_1_92' title='bbox 180 1249 261 1298; x_wconf 82' lang='lat' dir='ltr'><strong>diurni</strong></span> <span class='ocrx_word' id='word_1_93' title='bbox 270 1251 374 1298; x_wconf 79' lang='lat' dir='ltr'>mercede</span> <span class='ocrx_word' id='word_1_94' title='bbox 384 1251 455 1297; x_wconf 79' lang='lat' dir='ltr'><strong>ritem</strong></span> <span class='ocrx_word' id='word_1_95' title='bbox 463 1249 599 1297; x_wconf 80' lang='lat' dir='ltr'><strong>mutsverit=</strong></span> <span class='ocrx_word' id='word_1_96' title='bbox 613 1262 674 1295; x_wconf 88' lang='lat' dir='ltr'><strong>nunc</strong></span> <span class='ocrx_word' id='word_1_97' title='bbox 682 1254 718 1294; x_wconf 78' lang='lat' dir='ltr'><strong>est</strong></span> <span class='ocrx_word' id='word_1_98' title='bbox 727 1261 771 1309; x_wconf 88' lang='lat' dir='ltr'><strong>pro</strong></span> 
     </span>
     <span class='ocr_line' id='line_1_17' title="bbox 98 1313 773 1378; baseline -0.007 -15"><span class='ocrx_word' id='word_1_99' title='bbox 98 1316 195 1363; x_wconf 87' lang='lat' dir='ltr'><strong>consule</strong></span> <span class='ocrx_word' id='word_1_100' title='bbox 210 1331 262 1363; x_wconf 88' lang='lat' dir='ltr'><strong>cum</strong></span> <span class='ocrx_word' id='word_1_101' title='bbox 279 1317 379 1378; x_wconf 89' lang='lat' dir='ltr'><strong>imperio,</strong></span> <span class='ocrx_word' id='word_1_102' title='bbox 396 1331 442 1363; x_wconf 87' lang='lat' dir='ltr'><strong>non</strong></span> <span class='ocrx_word' id='word_1_103' title='bbox 454 1321 522 1369; x_wconf 88' lang='lat' dir='ltr'><strong>emto,</strong></span> <span class='ocrx_word' id='word_1_104' title='bbox 541 1314 581 1360; x_wconf 92' lang='lat' dir='ltr'><strong>sed</strong></span> <span class='ocrx_word' id='word_1_105' title='bbox 595 1313 648 1360; x_wconf 79' lang='lat' dir='ltr'><strong>dato</strong></span> <span class='ocrx_word' id='word_1_106' title='bbox 665 1313 773 1370; x_wconf 59' lang='lat' dir='ltr'><strong>urobisp</strong></span> 
     </span>
     <span class='ocr_line' id='line_1_18' title="bbox 98 1378 797 1444; baseline -0.007 -16"><span class='ocrx_word' id='word_1_107' title='bbox 98 1395 153 1429; x_wconf 85' lang='lat' dir='ltr'><strong>cum</strong></span> <span class='ocrx_word' id='word_1_108' title='bbox 163 1380 247 1444; x_wconf 79' lang='lat' dir='ltr'><strong>legetis</strong></span> <span class='ocrx_word' id='word_1_109' title='bbox 257 1381 389 1444; x_wconf 83' lang='lat' dir='ltr'><strong>adhucjure</strong></span> <span class='ocrx_word' id='word_1_110' title='bbox 398 1381 542 1443; x_wconf 80' lang='lat' dir='ltr'><strong>parentibus:</strong></span> <span class='ocrx_word' id='word_1_111' title='bbox 562 1386 586 1425; x_wconf 93' lang='lat' dir='ltr'><strong>et</strong></span> <span class='ocrx_word' id='word_1_112' title='bbox 602 1378 630 1425; x_wconf 81' lang='lat' dir='ltr'><strong>ad</strong></span> <span class='ocrx_word' id='word_1_113' title='bbox 646 1392 698 1425; x_wconf 90' lang='lat' dir='ltr'><strong>eum</strong></span> <span class='ocrx_word' id='word_1_114' title='bbox 714 1391 771 1424; x_wconf 89' lang='lat' dir='ltr'><strong>con·</strong></span> <span class='ocrx_word' id='word_1_115' title='bbox 793 1381 797 1389; x_wconf 87' lang='grc'><em>“</em></span> 
     </span>
     <span class='ocr_line' id='line_1_19' title="bbox 99 1441 770 1505; baseline -0.01 -11"><span class='ocrx_word' id='word_1_116' title='bbox 99 1461 192 1494; x_wconf 78' lang='lat' dir='ltr'><strong>mirere</strong></span> <span class='ocrx_word' id='word_1_117' title='bbox 214 1447 317 1494; x_wconf 88' lang='lat' dir='ltr'><strong>homines</strong></span> <span class='ocrx_word' id='word_1_118' title='bbox 338 1448 440 1493; x_wconf 88' lang='lat' dir='ltr'><strong>onmium</strong></span> <span class='ocrx_word' id='word_1_119' title='bbox 463 1445 567 1493; x_wconf 82' lang='lat' dir='ltr'><strong>ordinum</strong></span> <span class='ocrx_word' id='word_1_120' title='bbox 585 1441 770 1505; x_wconf 84' lang='lat' dir='ltr'><strong>corruptissumi;</strong></span> 
     </span>
     <span class='ocr_line' id='line_1_20' title="bbox 98 1504 773 1578; baseline -0.009 -18"><span class='ocrx_word' id='word_1_121' title='bbox 98 1510 225 1574; x_wconf 78' lang='lat' dir='ltr'><strong>ilrgrsutes</strong></span> <span class='ocrx_word' id='word_1_122' title='bbox 234 1511 311 1573; x_wconf 71' lang='lat' dir='ltr'><strong>inopiis</strong></span> <span class='ocrx_word' id='word_1_123' title='bbox 321 1519 344 1559; x_wconf 89' lang='lat' dir='ltr'><strong>et</strong></span> <span class='ocrx_word' id='word_1_124' title='bbox 354 1512 502 1578; x_wconf 70' lang='lat' dir='ltr'><strong>cupidinibus,</strong></span> <span class='ocrx_word' id='word_1_125' title='bbox 515 1510 625 1558; x_wconf 79' lang='lat' dir='ltr'><strong>meierum</strong></span> <span class='ocrx_word' id='word_1_126' title='bbox 634 1504 773 1555; x_wconf 70' lang='lat' dir='ltr'><strong>consciendi</strong></span> 
     </span>
     <span class='ocr_line' id='line_1_21' title="bbox 98 1575 771 1639; baseline -0.01 -14"><span class='ocrx_word' id='word_1_127' title='bbox 98 1577 225 1639; x_wconf 55' lang='lat' dir='ltr'><strong>exagitem</strong></span> <span class='ocrx_word' id='word_1_128' title='bbox 242 1578 323 1637; x_wconf 85' lang='lat' dir='ltr'><strong>quibus</strong></span> <span class='ocrx_word' id='word_1_129' title='bbox 333 1579 397 1638; x_wconf 83' lang='lat' dir='ltr'><strong>quien</strong></span> <span class='ocrx_word' id='word_1_130' title='bbox 405 1578 432 1623; x_wconf 80' lang='lat' dir='ltr'><strong>iri</strong></span> <span class='ocrx_word' id='word_1_131' title='bbox 448 1575 601 1628; x_wconf 78' lang='lat' dir='ltr'><strong>seditionibus,</strong></span> <span class='ocrx_word' id='word_1_132' title='bbox 620 1575 644 1620; x_wconf 91' lang='lat' dir='ltr'><strong>in</strong></span> <span class='ocrx_word' id='word_1_133' title='bbox 655 1587 711 1635; x_wconf 87' lang='lat' dir='ltr'><strong>psce</strong></span> <span class='ocrx_word' id='word_1_134' title='bbox 721 1578 771 1618; x_wconf 90' lang='lat' dir='ltr'><strong>tur·</strong></span> 
     </span>
     <span class='ocr_line' id='line_1_22' title="bbox 97 1637 774 1695; baseline -0.007 -7"><span class='ocrx_word' id='word_1_135' title='bbox 97 1642 136 1688; x_wconf 87' lang='lat' dir='ltr'><strong>bae</strong></span> <span class='ocrx_word' id='word_1_136' title='bbox 148 1649 215 1689; x_wconf 80' lang='lat' dir='ltr'><strong>sunt:</strong></span> <span class='ocrx_word' id='word_1_137' title='bbox 234 1642 258 1687; x_wconf 91' lang='lat' dir='ltr'><strong>hi</strong></span> <span class='ocrx_word' id='word_1_138' title='bbox 269 1643 391 1689; x_wconf 88' lang='lat' dir='ltr'><strong>tumultum</strong></span> <span class='ocrx_word' id='word_1_139' title='bbox 401 1657 432 1689; x_wconf 87' lang='lat' dir='ltr'><strong>ex</strong></span> <span class='ocrx_word' id='word_1_140' title='bbox 441 1641 547 1695; x_wconf 85' lang='lat' dir='ltr'><strong>tumultu,</strong></span> <span class='ocrx_word' id='word_1_141' title='bbox 568 1640 651 1686; x_wconf 92' lang='lat' dir='ltr'><strong>bellum</strong></span> <span class='ocrx_word' id='word_1_142' title='bbox 667 1653 696 1684; x_wconf 80' lang='lat' dir='ltr'><strong>ex</strong></span> <span class='ocrx_word' id='word_1_143' title='bbox 711 1637 774 1684; x_wconf 86' lang='lat' dir='ltr'><strong>bello</strong></span> 
     </span>
     <span class='ocr_line' id='line_1_23' title="bbox 97 1702 772 1769; baseline -0.006 -15"><span class='ocrx_word' id='word_1_144' title='bbox 97 1713 196 1764; x_wconf 81' lang='lat' dir='ltr'><strong>seruut3</strong></span> <span class='ocrx_word' id='word_1_145' title='bbox 223 1705 338 1753; x_wconf 81' lang='lat' dir='ltr'><strong>Saturnini</strong></span> <span class='ocrx_word' id='word_1_146' title='bbox 355 1708 416 1762; x_wconf 89' lang='lat' dir='ltr'><strong>olim,</strong></span> <span class='ocrx_word' id='word_1_147' title='bbox 435 1715 493 1769; x_wconf 82' lang='lat' dir='ltr'><strong>post·</strong></span> <span class='ocrx_word' id='word_1_148' title='bbox 507 1705 607 1766; x_wconf 80' lang='lat' dir='ltr'><strong>Sulpicii,</strong></span> <span class='ocrx_word' id='word_1_149' title='bbox 629 1704 682 1752; x_wconf 86' lang='lat' dir='ltr'><strong>dein</strong></span> <span class='ocrx_word' id='word_1_150' title='bbox 701 1702 772 1751; x_wconf 74' lang='lat' dir='ltr'><strong>Marii</strong></span> 
     </span>
     <span class='ocr_line' id='line_1_24' title="bbox 98 1769 577 1834; baseline -0.004 -15"><span class='ocrx_word' id='word_1_151' title='bbox 98 1769 287 1833; x_wconf 76' lang='lat' dir='ltr'><strong>Drmssippique,</strong></span> <span class='ocrx_word' id='word_1_152' title='bbox 298 1787 359 1819; x_wconf 88' lang='lat' dir='ltr'><strong>nunc</strong></span> <span class='ocrx_word' id='word_1_153' title='bbox 369 1770 451 1834; x_wconf 75' lang='lat' dir='ltr'><strong>lepidi</strong></span> <span class='ocrx_word' id='word_1_154' title='bbox 462 1771 577 1818; x_wconf 80' lang='lat' dir='ltr'><strong>satellites.</strong></span> 
     </span>
    </p>

    <p class='ocr_par' dir='ltr' id='par_1_4' title="bbox 98 1833 775 2617">
     <span class='ocr_line' id='line_1_25' title="bbox 109 1833 772 1897; baseline -0.005 -14"><span class='ocrx_word' id='word_1_155' title='bbox 109 1868 113 1873; x_wconf 92' lang='lat'>-</span> <span class='ocrx_word' id='word_1_156' title='bbox 133 1834 250 1883; x_wconf 81' lang='lat' dir='ltr'><strong>Praeteres</strong></span> <span class='ocrx_word' id='word_1_157' title='bbox 260 1835 361 1890; x_wconf 76' lang='lat' dir='ltr'><strong>Etrurii,</strong></span> <span class='ocrx_word' id='word_1_158' title='bbox 380 1843 448 1897; x_wconf 85' lang='lat' dir='ltr'><strong>utque</strong></span> <span class='ocrx_word' id='word_1_159' title='bbox 462 1850 542 1883; x_wconf 89' lang='lat' dir='ltr'><strong>omnes</strong></span> <span class='ocrx_word' id='word_1_160' title='bbox 557 1834 658 1896; x_wconf 75' lang='lat' dir='ltr'><strong>reliquie</strong></span> <span class='ocrx_word' id='word_1_161' title='bbox 667 1833 721 1881; x_wconf 91' lang='lat' dir='ltr'><strong>belli</strong></span> <span class='ocrx_word' id='word_1_162' title='bbox 732 1847 772 1881; x_wconf 83' lang='lat' dir='ltr'><strong>sr-</strong></span> 
     </span>
     <span class='ocr_line' id='line_1_26' title="bbox 98 1899 772 1963; baseline -0.012 -10"><span class='ocrx_word' id='word_1_163' title='bbox 98 1908 186 1959; x_wconf 54' lang='lat' dir='ltr'><strong>metm</strong></span> <span class='ocrx_word' id='word_1_164' title='bbox 205 1900 325 1963; x_wconf 76' lang='lat' dir='ltr'><strong>Hispsniae</strong></span> <span class='ocrx_word' id='word_1_165' title='bbox 344 1903 413 1949; x_wconf 77' lang='lat' dir='ltr'><strong>armis</strong></span> <span class='ocrx_word' id='word_1_166' title='bbox 431 1902 549 1949; x_wconf 83' lang='lat' dir='ltr'><strong>sollicitse:</strong></span> <span class='ocrx_word' id='word_1_167' title='bbox 579 1899 726 1947; x_wconf 81' lang='lat' dir='ltr'><strong>Mithridates</strong></span> <span class='ocrx_word' id='word_1_168' title='bbox 746 1899 772 1945; x_wconf 87' lang='lat' dir='ltr'><strong>in</strong></span> 
     </span>
     <span class='ocr_line' id='line_1_27' title="bbox 98 1966 772 2028; baseline -0.007 -14"><span class='ocrx_word' id='word_1_169' title='bbox 98 1966 171 2014; x_wconf 74' lang='lat' dir='ltr'><strong>luero</strong></span> <span class='ocrx_word' id='word_1_170' title='bbox 181 1966 326 2028; x_wconf 73' lang='lat' dir='ltr'><strong>vectigulium</strong></span> <span class='ocrx_word' id='word_1_171' title='bbox 335 1974 471 2021; x_wconf 55' lang='lat' dir='ltr'><strong>nostrorum,</strong></span> <span class='ocrx_word' id='word_1_172' title='bbox 484 1967 565 2028; x_wconf 87' lang='lat' dir='ltr'><strong>quibus</strong></span> <span class='ocrx_word' id='word_1_173' title='bbox 575 1966 647 2012; x_wconf 71' lang='lat' dir='ltr'><strong>adhuc</strong></span> <span class='ocrx_word' id='word_1_174' title='bbox 657 1969 772 2011; x_wconf 82' lang='lat' dir='ltr'><strong>sustente-</strong></span> 
     </span>
     <span class='ocr_line' id='line_1_28' title="bbox 99 2028 772 2094; baseline -0.006 -16"><span class='ocrx_word' id='word_1_175' title='bbox 99 2046 159 2085; x_wconf 86' lang='lat' dir='ltr'><strong>mur,</strong></span> <span class='ocrx_word' id='word_1_176' title='bbox 172 2031 232 2078; x_wconf 88' lang='lat' dir='ltr'><strong>diem</strong></span> <span class='ocrx_word' id='word_1_177' title='bbox 242 2031 301 2078; x_wconf 88' lang='lat' dir='ltr'><strong>bello</strong></span> <span class='ocrx_word' id='word_1_178' title='bbox 312 2032 476 2094; x_wconf 81' lang='lat' dir='ltr'><strong>circumspicit:</strong></span> <span class='ocrx_word' id='word_1_179' title='bbox 498 2032 560 2092; x_wconf 88' lang='lat' dir='ltr'><strong>quin,</strong></span> <span class='ocrx_word' id='word_1_180' title='bbox 572 2036 655 2092; x_wconf 86' lang='lat' dir='ltr'><strong>prseter</strong></span> <span class='ocrx_word' id='word_1_181' title='bbox 665 2028 772 2075; x_wconf 87' lang='lat' dir='ltr'><strong>idoneum</strong></span> 
     </span>
     <span class='ocr_line' id='line_1_29' title="bbox 99 2094 774 2156; baseline -0.009 -11"><span class='ocrx_word' id='word_1_182' title='bbox 99 2096 190 2150; x_wconf 81' lang='lat' dir='ltr'><strong>docem,</strong></span> <span class='ocrx_word' id='word_1_183' title='bbox 222 2095 279 2143; x_wconf 86' lang='lat' dir='ltr'><strong>nibil</strong></span> <span class='ocrx_word' id='word_1_184' title='bbox 298 2098 361 2145; x_wconf 84' lang='lat' dir='ltr'><strong>sbest</strong></span> <span class='ocrx_word' id='word_1_185' title='bbox 390 2098 419 2144; x_wconf 80' lang='lat' dir='ltr'><strong>ad</strong></span> <span class='ocrx_word' id='word_1_186' title='bbox 448 2095 625 2145; x_wconf 82' lang='lat' dir='ltr'><strong>subvertundum</strong></span> <span class='ocrx_word' id='word_1_187' title='bbox 646 2094 774 2156; x_wconf 85' lang='lat' dir='ltr'><strong>imperium.</strong></span> 
     </span>
     <span class='ocr_line' id='line_1_30' title="bbox 101 2157 773 2223; baseline -0.007 -14"><span class='ocrx_word' id='word_1_188' title='bbox 101 2160 230 2223; x_wconf 78' lang='lat' dir='ltr'><strong>Quodego</strong></span> <span class='ocrx_word' id='word_1_189' title='bbox 243 2175 336 2210; x_wconf 86' lang='lat' dir='ltr'><strong>vosoro</strong></span> <span class='ocrx_word' id='word_1_190' title='bbox 347 2169 415 2223; x_wconf 80' lang='lat' dir='ltr'><strong>etque</strong></span> <span class='ocrx_word' id='word_1_191' title='bbox 425 2163 527 2217; x_wconf 89' lang='lat' dir='ltr'><strong>obsecro,</strong></span> <span class='ocrx_word' id='word_1_192' title='bbox 544 2159 573 2207; x_wconf 84' lang='lat' dir='ltr'><strong>P.</strong></span> <span class='ocrx_word' id='word_1_193' title='bbox 583 2157 612 2208; x_wconf 84' lang='lat' dir='ltr'><strong>C.</strong></span> <span class='ocrx_word' id='word_1_194' title='bbox 628 2165 654 2206; x_wconf 88' lang='lat' dir='ltr'><strong>ut</strong></span> <span class='ocrx_word' id='word_1_195' title='bbox 670 2157 773 2206; x_wconf 78' lang='lat' dir='ltr'><strong>unimod-</strong></span> 
     </span>
     <span class='ocr_line' id='line_1_31' title="bbox 99 2222 775 2290; baseline -0.006 -16"><span class='ocrx_word' id='word_1_196' title='bbox 99 2226 212 2284; x_wconf 70' lang='lat' dir='ltr'><strong>vortatis3</strong></span> <span class='ocrx_word' id='word_1_197' title='bbox 238 2241 283 2273; x_wconf 90' lang='lat' dir='ltr'><strong>neu</strong></span> <span class='ocrx_word' id='word_1_198' title='bbox 301 2228 415 2290; x_wconf 75' lang='lat' dir='ltr'><strong>potiamini</strong></span> <span class='ocrx_word' id='word_1_199' title='bbox 431 2227 546 2275; x_wconf 81' lang='lat' dir='ltr'><strong>licentium</strong></span> <span class='ocrx_word' id='word_1_200' title='bbox 569 2224 686 2278; x_wconf 87' lang='lat' dir='ltr'><strong>scelerum,</strong></span> <span class='ocrx_word' id='word_1_201' title='bbox 709 2222 775 2284; x_wconf 79' lang='lat' dir='ltr'><strong>quusi</strong></span> 
     </span>
     <span class='ocr_line' id='line_1_32' title="bbox 100 2287 774 2355; baseline -0.009 -15"><span class='ocrx_word' id='word_1_202' title='bbox 100 2291 194 2345; x_wconf 82' lang='lat' dir='ltr'><strong>mbiem,</strong></span> <span class='ocrx_word' id='word_1_203' title='bbox 213 2291 242 2338; x_wconf 82' lang='lat' dir='ltr'><strong>ud</strong></span> <span class='ocrx_word' id='word_1_204' title='bbox 256 2292 359 2355; x_wconf 80' lang='lat' dir='ltr'><strong>integros</strong></span> <span class='ocrx_word' id='word_1_205' title='bbox 371 2299 477 2340; x_wconf 74' lang='lat' dir='ltr'><strong>contactu</strong></span> <span class='ocrx_word' id='word_1_206' title='bbox 487 2290 616 2354; x_wconf 85' lang='lat' dir='ltr'><strong>procedere.</strong></span> <span class='ocrx_word' id='word_1_207' title='bbox 647 2287 715 2343; x_wconf 83' lang='lat' dir='ltr'><strong>Num,</strong></span> <span class='ocrx_word' id='word_1_208' title='bbox 735 2287 774 2335; x_wconf 88' lang='lat' dir='ltr'><strong>ubi</strong></span> 
     </span>
     <span class='ocr_line' id='line_1_33' title="bbox 100 2353 773 2419; baseline -0.006 -16"><span class='ocrx_word' id='word_1_209' title='bbox 100 2356 175 2403; x_wconf 83' lang='lat' dir='ltr'><strong>melos</strong></span> <span class='ocrx_word' id='word_1_210' title='bbox 186 2357 280 2419; x_wconf 74' lang='lat' dir='ltr'><strong>peremis</strong></span> <span class='ocrx_word' id='word_1_211' title='bbox 290 2365 421 2419; x_wconf 79' lang='lat' dir='ltr'><strong>sequuntur,</strong></span> <span class='ocrx_word' id='word_1_212' title='bbox 440 2357 500 2404; x_wconf 81' lang='lat' dir='ltr'><strong>lssud</strong></span> <span class='ocrx_word' id='word_1_213' title='bbox 515 2354 581 2403; x_wconf 80' lang='lat' dir='ltr'><strong>focile</strong></span> <span class='ocrx_word' id='word_1_214' title='bbox 591 2353 708 2416; x_wconf 78' lang='lat' dir='ltr'><strong>quisquam</strong></span> <span class='ocrx_word' id='word_1_215' title='bbox 719 2367 773 2415; x_wconf 79' lang='lat' dir='ltr'><strong>grs-</strong></span> 
     </span>
     <span class='ocr_line' id='line_1_34' title="bbox 102 2419 774 2485; baseline -0.006 -17"><span class='ocrx_word' id='word_1_216' title='bbox 102 2422 161 2468; x_wconf 84' lang='lat' dir='ltr'><strong>tuito</strong></span> <span class='ocrx_word' id='word_1_217' title='bbox 172 2422 299 2470; x_wconf 83' lang='lat' dir='ltr'><strong>bonusest.</strong></span> <span class='ocrx_word' id='word_1_218' title='bbox 333 2423 373 2470; x_wconf 81' lang='lat' dir='ltr'><strong>An</strong></span> <span class='ocrx_word' id='word_1_219' title='bbox 384 2422 526 2485; x_wconf 78' lang='lat' dir='ltr'><strong>exspectatis,</strong></span> <span class='ocrx_word' id='word_1_220' title='bbox 539 2420 599 2474; x_wconf 90' lang='lat' dir='ltr'><strong>dum,</strong></span> <span class='ocrx_word' id='word_1_221' title='bbox 613 2419 713 2466; x_wconf 86' lang='lat' dir='ltr'><strong>exercitu</strong></span> <span class='ocrx_word' id='word_1_222' title='bbox 724 2433 774 2464; x_wconf 85' lang='lat' dir='ltr'><strong>rur·</strong></span> 
     </span>
     <span class='ocr_line' id='line_1_35' title="bbox 102 2480 774 2549; baseline -0.01 -14"><span class='ocrx_word' id='word_1_223' title='bbox 102 2500 142 2535; x_wconf 73' lang='lat' dir='ltr'><strong>tus</strong></span> <span class='ocrx_word' id='word_1_224' title='bbox 158 2486 259 2541; x_wconf 71' lang='lat' dir='ltr'><strong>admoto,</strong></span> <span class='ocrx_word' id='word_1_225' title='bbox 281 2486 341 2535; x_wconf 82' lang='lat' dir='ltr'><strong>ferro</strong></span> <span class='ocrx_word' id='word_1_226' title='bbox 358 2496 425 2549; x_wconf 82' lang='lat' dir='ltr'><strong>atque</strong></span> <span class='ocrx_word' id='word_1_227' title='bbox 441 2483 534 2534; x_wconf 74' lang='lat' dir='ltr'><strong>flammi</strong></span> <span class='ocrx_word' id='word_1_228' title='bbox 556 2484 643 2533; x_wconf 89' lang='lat' dir='ltr'><strong>Urbem</strong></span> <span class='ocrx_word' id='word_1_229' title='bbox 664 2480 774 2531; x_wconf 73' lang='lat' dir='ltr'><strong>invadat?</strong></span> 
     </span>
     <span class='ocr_line' id='line_1_36' title="bbox 103 2549 771 2617; baseline -0.01 -19"><span class='ocrx_word' id='word_1_230' title='bbox 103 2551 165 2612; x_wconf 66' lang='lat' dir='ltr'><strong>mod</strong></span> <span class='ocrx_word' id='word_1_231' title='bbox 182 2551 255 2599; x_wconf 88' lang='lat' dir='ltr'><strong>multo</strong></span> <span class='ocrx_word' id='word_1_232' title='bbox 272 2554 364 2617; x_wconf 87' lang='lat' dir='ltr'><strong>propius</strong></span> <span class='ocrx_word' id='word_1_233' title='bbox 381 2560 418 2600; x_wconf 81' lang='lat' dir='ltr'><strong>est</strong></span> <span class='ocrx_word' id='word_1_234' title='bbox 434 2554 462 2599; x_wconf 85' lang='lat' dir='ltr'><strong>ab</strong></span> <span class='ocrx_word' id='word_1_235' title='bbox 480 2568 515 2607; x_wconf 89' lang='lat' dir='ltr'><strong>eo,</strong></span> <span class='ocrx_word' id='word_1_236' title='bbox 530 2565 580 2610; x_wconf 61' lang='lat' dir='ltr'><strong>&gt;quo</strong></span> <span class='ocrx_word' id='word_1_237' title='bbox 602 2549 680 2611; x_wconf 73' lang='lat' dir='ltr'><strong>agitat,</strong></span> <span class='ocrx_word' id='word_1_238' title='bbox 704 2553 771 2598; x_wconf 80' lang='lat' dir='ltr'><strong>statu,</strong></span> 
     </span>
    </p>
   </div>
   <div class='ocr_carea' id='block_1_3' title="bbox 103 2609 894 2740">
    <p class='ocr_par' dir='ltr' id='par_1_5' title="bbox 103 2609 894 2740">
     <span class='ocr_line' id='line_1_37' title="bbox 103 2609 773 2680; baseline -0.036 -4"><span class='ocrx_word' id='word_1_239' title='bbox 103 2630 171 2676; x_wconf 67' lang='lat' dir='ltr'><strong>‘iunm</strong></span> <span class='ocrx_word' id='word_1_240' title='bbox 182 2630 213 2664; x_wconf 71' lang='lat' dir='ltr'><strong>ex</strong></span> <span class='ocrx_word' id='word_1_241' title='bbox 222 2631 279 2680; x_wconf 72' lang='lat' dir='ltr'><strong>pace</strong></span> <span class='ocrx_word' id='word_1_242' title='bbox 290 2627 313 2664; x_wconf 87' lang='lat' dir='ltr'><strong>et</strong></span> <span class='ocrx_word' id='word_1_243' title='bbox 324 2616 445 2665; x_wconf 78' lang='lat' dir='ltr'><strong>concordii</strong></span> <span class='ocrx_word' id='word_1_244' title='bbox 454 2617 484 2664; x_wconf 84' lang='lat' dir='ltr'><strong>sd</strong></span> <span class='ocrx_word' id='word_1_245' title='bbox 494 2630 557 2663; x_wconf 79' lang='lat' dir='ltr'><strong>aruis</strong></span> <span class='ocrx_word' id='word_1_246' title='bbox 566 2612 655 2669; x_wconf 80' lang='lat' dir='ltr'><strong>civilis3</strong></span> <span class='ocrx_word' id='word_1_247' title='bbox 672 2625 724 2672; x_wconf 81' lang='lat' dir='ltr'><strong>qure</strong></span> <span class='ocrx_word' id='word_1_248' title='bbox 735 2609 773 2654; x_wconf 89' lang='lat' dir='ltr'><strong>ille</strong></span> 
     </span>
     <span class='ocr_line' id='line_1_38' title="bbox 103 2677 894 2740; baseline -0.024 -8"><span class='ocrx_word' id='word_1_249' title='bbox 103 2680 227 2730; x_wconf 68' lang='lat' dir='ltr'><strong>tdvorsum</strong></span> <span class='ocrx_word' id='word_1_250' title='bbox 245 2682 322 2731; x_wconf 80' lang='lat' dir='ltr'><strong>divine</strong></span> <span class='ocrx_word' id='word_1_251' title='bbox 338 2691 362 2730; x_wconf 87' lang='lat' dir='ltr'><strong>et</strong></span> <span class='ocrx_word' id='word_1_252' title='bbox 375 2684 475 2730; x_wconf 75' lang='lat' dir='ltr'><strong>humans</strong></span> <span class='ocrx_word' id='word_1_253' title='bbox 492 2679 569 2734; x_wconf 84' lang='lat' dir='ltr'><strong>omnis</strong></span> <span class='ocrx_word' id='word_1_254' title='bbox 587 2677 654 2740; x_wconf 87' lang='lat' dir='ltr'><strong>oepit,</strong></span> <span class='ocrx_word' id='word_1_255' title='bbox 672 2688 719 2721; x_wconf 88' lang='lat' dir='ltr'><strong>non</strong></span> <span class='ocrx_word' id='word_1_256' title='bbox 732 2685 775 2734; x_wconf 91' lang='lat' dir='ltr'><strong>pro</strong></span> <span class='ocrx_word' id='word_1_257' title='bbox 877 2702 894 2725; x_wconf 47' lang='grc' dir='ltr'><em>Α</em></span> 
     </span>
    </p>
   </div>
   <div class='ocr_carea' id='block_1_4' title="bbox 0 0 912 2942">
    <p class='ocr_par' dir='ltr' id='par_1_6' title="bbox 0 0 912 2942">
     <span class='ocr_line' id='line_1_39' title="bbox 0 0 912 2942; baseline 0 0"><span class='ocrx_word' id='word_1_258' title='bbox 0 0 912 2942; x_wconf 95' lang='lat' dir='ltr'><strong> </strong></span> 
     </span>
    </p>
   </div>
  </div>
 </body>
</html>
