1800 2942
219 135 360 188 iussim
373 140 428 190 Lu.
438 142 528 192 xxn.
543 141 604 194 Car.
613 148 640 194 tit
708 152 763 196 '809

91 263 255 328 quinquaginta
273 276 360 321 uotum
378 287 456 320 scoram
474 274 560 322 talenta
580 275 609 321 ad
626 281 762 337 presentem

90 343 158 381 usum
168 329 248 386 aufert,
261 343 343 382 caeten
357 351 387 384 ex
400 339 467 385 hoste
480 339 561 387 melius
571 353 638 401 quam
654 354 683 386 ex
693 341 762 387 sociis

88 401 216 455 paraturus.
249 396 336 448 Omnes
350 402 430 448 deinde
440 418 519 450 servos
530 404 633 451 militaris
643 405 723 460 astatis,
731 405 761 451 li·

89 457 178 505 bertate
193 460 294 518 donatos,
312 473 453 513 sacramento
469 468 552 530 adegit,
570 484 654 530 eosque
669 476 693 515 et
711 484 761 516 ma·

83 524 161 586 jurem
175 533 261 585 partem
275 528 347 576 ferme
357 531 454 578 militum
462 534 559 580 navibus
569 533 680 595 imponit;
698 541 762 581 rum

88 587 209 648 cxaequati
220 593 335 653 utriusque
346 597 432 643 ordinis
441 597 577 652 conditione,
589 605 689 645 mutuam
701 599 761 647 inter

87 653 401 706 eosvirtutisaemulatiunem
408 660 522 710 futuram:
542 660 761 711 caeterosomnesad

87 717 184 766 tutelam
194 721 272 780 patriae
283 723 379 784 reliquit.
747 766 761 776 ..

121 781 153 828 V.
171 783 271 845 Septimo
282 788 352 850 igitur
361 790 448 852 imperii
459 807 526 848 anno,
537 793 657 840 comitibus
671 793 760 842 duobm

87 846 171 893 adultis
181 847 239 904 liliis,
254 853 401 915 Archagatho
411 864 435 902 et
445 855 575 914 Heraclidi,
586 858 649 905 nullo
659 859 758 906 militum

86 911 174 958 sciente
192 929 237 973 quo
256 917 380 976 veheretur,
400 936 489 968 cursum
508 923 532 969 in
551 923 652 971 Africam
673 924 759 986 dirigit.

87 973 149 1023 Cum
161 992 240 1025 omnes
252 983 324 1029 autin
336 982 425 1032 Italiam
437 987 561 1048 praedatum
573 1004 607 1046 se,
621 988 692 1035 autin
704 988 758 1036 Sar-

85 1039 177 1095 diniam.
195 1043 267 1092 ituros
284 1048 406 1105 crederent,
421 1058 471 1097 tum
490 1053 593 1113 primum,
612 1054 716 1116 exposito
733 1054 757 1100 in

83 1103 173 1152 Africae
194 1108 260 1156 litore
284 1116 393 1171 exercitu,
421 1116 539 1162 consilium
567 1132 633 1164 suum
652 1119 757 1167 omnibus

82 1170 164 1231 aperit.
196 1173 250 1227 Quo
261 1176 284 1221 in
295 1177 345 1224 loco
357 1179 476 1239 Syracusae
487 1181 567 1242 positae
578 1183 631 1237 sint,
642 1182 752 1230 ostendit:

82 1241 100 1263 ‘⁶
111 1236 192 1295 quihus
202 1240 263 1286 aliud
274 1242 360 1289 nullum
376 1243 483 1291 auxilium
496 1253 630 1307 superesset,
647 1262 715 1307 quam
731 1254 758 1295 ut

80 1300 186 1348 hostibus
196 1301 286 1360 faciant,
303 1323 354 1366 quae
368 1309 410 1369 ipsi
429 1311 549 1371 patiantur.
582 1310 672 1373 Quippe
690 1311 755 1358 aliter
840 1356 845 1368 ,

82 1363 153 1418 domi,
164 1366 229 1414 aliter
239 1368 301 1425 foris,
313 1371 370 1420 bellu
381 1375 479 1420 tractari.
512 1373 583 1420 Doini
595 1391 621 1423 ea
633 1375 682 1423 sola
692 1376 757 1422 auxi·

82 1429 115 1475 lia
122 1445 179 1484 esse,
187 1447 239 1492 quae
246 1436 325 1494 patriae
332 1438 392 1484 vires
404 1439 586 1486 subministrent:
605 1439 660 1487 foris
668 1441 756 1488 hostem

82 1495 152 1540 etiam
164 1497 211 1543 suis
222 1499 305 1546 viribus
323 1502 390 1557 vinci,
411 1501 563 1550 deficientibus
579 1504 653 1559 sociis,
670 1505 756 1553 etodio

83 1559 184 1606 diuturni
205 1565 291 1624 imperii
314 1573 391 1614 extera
414 1568 497 1614 auxilia
518 1569 614 1616 circums
629 1570 754 1618 icientibus.

82 1621 141 1670 Huc
158 1627 270 1679 accedere.
290 1632 350 1690 quod
369 1632 434 1679 urbes
451 1632 586 1693 castellaque
638 1634 691 1681 ricae
707 1648 754 1685 nou

80 1690 154 1734 muris
171 1691 257 1746 cinctae
274 1697 359 1742 nonin
378 1697 492 1744 montibus
507 1699 587 1759 positae
605 1700 656 1755 sint,
674 1700 714 1747 sed
729 1699 755 1749 in

79 1753 155 1816 planis
166 1758 257 1817 campis,
276 1760 324 1806 sinc
340 1761 392 1807 ullis
407 1763 561 1819 munimentis,
575 1765 680 1826 jaceant:
698 1778 755 1827 quas

80 1832 163 1865 omnes
174 1830 235 1866 metu
247 1825 339 1871 exscidii
350 1824 417 1874 facile
430 1828 459 1873 ad
474 1828 526 1874 belli
538 1830 668 1879 societatem
679 1829 756 1893 pellici

77 1899 155 1946 posse.
195 1885 272 1949 Majus
300 1890 369 1951 igitur
397 1889 623 1955 Cnrthaginiensibus
650 1895 677 1942 ab
704 1892 755 1956 ipsi

77 1945 167 2007 Africi,
179 1966 245 2010 quam
257 1968 287 1999 ex
298 1954 381 2010 Sicilii,
398 1971 528 2004 exarsurum
541 1959 638 2016 bellum;
655 1959 755 2007 coitura-

78 2028 124 2074 que
139 2015 222 2062 auxilia
237 2020 337 2065 omnium
354 2021 461 2069 adversus
472 2038 539 2070 unam
556 2025 642 2080 urbem,
659 2023 753 2073 nomine

77 2092 147 2138 quam
159 2080 238 2140 opibus
249 2084 387 2145 ampliorem,
407 2094 430 2133 et
447 2103 503 2148 quas
516 2103 562 2135 non
573 2087 674 2134 attulerit
684 2088 754 2144 vires,

77 2143 132 2189 inde
152 2154 285 2192 sumturum.
319 2148 370 2197 Nec
381 2151 404 2196 in
416 2153 532 2213 repentino
549 2151 673 2200 Poenorum
690 2160 753 2199 metu

76 2209 193 2255 modicum
205 2226 344 2260 momentum
356 2216 457 2262 victoriae
467 2216 525 2273 fore,
537 2219 581 2276 qui,
591 2214 653 2263 tanti
661 2214 753 2265 audaciis

76 2272 178 2319 hostium
189 2277 294 2335 perculsi,
306 2281 435 2340 trepidaturi
448 2282 501 2328 sint.
534 2282 662 2330 Accessum
672 2289 696 2330 et
706 2281 754 2329 vil·

75 2335 150 2384 larum
162 2338 271 2395 incendia,
283 2344 425 2392 castellorum
439 2346 572 2407 urbiumque
582 2347 750 2395 contumacium

76 2401 233 2463 direptionem,
261 2415 309 2453 tum
340 2408 410 2470 ipsius
437 2408 583 2474 Carthaginis
605 2412 752 2460 obsidionem.

77 2466 169 2520 Quibus
179 2471 290 2526 omnihus,
301 2488 345 2519 non
356 2474 396 2520 sibi
408 2480 496 2521 tantum
507 2476 531 2522 in
543 2476 607 2535 alios,
616 2477 656 2524 sed
667 2485 690 2524 et
701 2477 752 2525 aliis

74 2532 100 2578 in
115 2547 148 2587 se,
164 2534 262 2580 sentient
273 2546 350 2597 patere
360 2539 426 2585 bella.
460 2539 506 2586 His
517 2557 563 2588 non
576 2542 649 2589 solum
660 2541 750 2590 Poenos

73 2596 145 2655 vinci,
157 2598 196 2644 scd
208 2606 231 2644 et
240 2600 338 2648 Siciliam
347 2602 442 2658 libcrari,
455 2620 535 2666 posse:
556 2621 598 2653 nec
606 2607 667 2655 enim
674 2620 750 2653 mora-

74 2669 139 2720 turos
156 2663 181 2710 iu
199 2665 247 2728 eJus
265 2667 382 2716 obsidione
399 2668 486 2728 hostes,
503 2684 555 2718 cum
566 2685 608 2723 sua
618 2676 752 2732 urgeantur.
802 2707 807 2713 „
