1800 2942
171 167 220 213 ero
306 153 444 213 'Jusmu
461 155 597 212 Luvm
615 156 710 210 cras.

168 293 261 342 νεπὶω
270 292 323 340 belli
332 291 458 355 pollicetur,
473 287 617 353 jurejurando
633 288 726 342 adactis,
745 302 843 352 respon·

166 363 222 407 ‘sum
241 358 326 405 nemini
347 356 490 419 prodituros3
506 355 550 401 iilis
564 360 649 409 contra,
671 360 796 400 venturum
813 369 844 408 se,

166 423 323 483 auxiliumque
333 421 444 468 laturum:
464 421 571 480 utrosque
581 426 644 464 vetat
653 432 735 478 parare
749 418 843 472 bellum,

170 495 211 535 ant
221 494 329 534 tumuere.
362 485 401 533 Sic
411 485 497 531 variato
508 497 616 544 responso
627 482 713 529 securis
722 478 842 537 omnibus,

166 550 374 613 ‘Ihermopyitrum
385 551 501 610 augustine
512 552 612 608 bceupat.

204 615 237 663 V.
261 615 328 663 Tunc
349 614 445 677 primum
466 612 596 658 Phocenses
617 616 696 672 captos
717 627 743 658 se
764 610 843 659 froude

167 679 270 743 4ΡΙιὶῙὶρρί
281 680 489 731 animadvertentes,
499 676 579 737 trepidi
590 676 619 722 ad
629 690 691 722 arma
699 675 843 738 confugiunt.

172 745 220 793 Sed
233 759 305 806 neque
316 744 411 806 spatium
422 749 470 788 eret
484 739 609 787 instruendi
619 740 679 793 belli,
698 754 741 786 nec
752 748 841 802 tempus

168 810 202 857 'ad
212 809 363 857 conuehende
378 806 474 854 auxilia:
492 813 516 852 et
527 804 645 866 Phiiippus
660 805 787 850 exscidium
798 806 840 851 mi·

172 875 273 927 nabetur,
294 875 317 919 ni
335 871 400 918 tieret
415 871 506 917 deditio.
538 868 601 915 Victi
616 869 686 930 igitur
697 870 839 923 necessitate,

166 935 237 1002 psetd
253 938 331 991 sainte,
349 950 375 982 se
392 934 530 981 dediderunt.
565 933 610 980 Sed
627 933 702 994 pactio
724 934 775 995 ejus
789 933 840 980 fidei

169 1002 220 1055 fuit
228 1003 292 1064 eujus
303 1006 356 1047 ente
362 998 435 1046 fuerat
443 997 613 1060 depreeatibeili
621 998 748 1059 promissio.
766 997 841 1060 Igitur

171 1066 289 1114 ereduntur
298 1064 388 1127 passim,
404 1064 579 1125 rapiunmrque3
595 1076 642 1108 non
660 1062 724 1109 liberi
741 1065 839 1124 parenti·

168 1131 218 1185 bus.
235 1144 282 1177 uon
298 1130 406 1192 conjuges
423 1129 516 1182 maritis,
532 1142 581 1173 non
596 1125 701 1173 Deorum
721 1128 840 1174 simuiscra

167 1195 260 1257 templis
278 1196 325 1241 suis
344 1194 507 1253 relinquuntur.
539 1191 618 1238 Unum
641 1198 730 1238 tantum
752 1193 839 1238 miseris

169 1259 274 1307 solatium
293 1258 342 1314 fuit,
360 1258 426 1319 quod,
447 1272 499 1303 cum
516 1254 632 1317 Philippus
642 1257 747 1319 portione
757 1258 839 1319 praedae

150 1333 153 1338 ⁴
170 1325 245 1372 socios
255 1323 387 1376 irauddsset
399 1322 454 1368 nihii
465 1336 539 1367 rerum
552 1336 641 1367 suarum
658 1320 717 1382 apud
736 1322 838 1368 inimicos

167 1390 282 1437 viderunt.
315 1388 430 1435 Reversus
441 1387 465 1432 in
481 1400 586 1447 regnum,
601 1393 626 1431 ut
643 1400 724 1447 pecora
739 1394 839 1447 pastores

167 1454 266 1503 nuncin
277 1454 388 1507 hibernos,
405 1466 467 1497 nune
481 1451 506 1496 in
517 1450 608 1496 aestivos
623 1450 693 1496 saltus
710 1452 837 1512 trajiciunt3

167 1521 205 1567 sie
215 1519 253 1566 ilie
263 1518 358 1582 populos
369 1524 392 1563 et
402 1516 475 1569 urbes,
486 1522 512 1561 ut
522 1515 554 1560 illi
565 1515 601 1561 vel
612 1515 717 1576 replenda
727 1516 764 1562 vel
776 1516 838 1562 dere-

166 1583 291 1646 linquenda
301 1596 395 1644 quaeque
404 1581 455 1627 ioca
465 1580 602 1632 videbantur,
613 1580 641 1625 ad
651 1578 766 1626 libidinem
774 1591 837 1626 suant

168 1647 284 1696 transfert.
315 1646 446 1694 Miseranda
462 1644 543 1705 ubique
560 1643 635 1698 iacies,
653 1651 676 1690 et
691 1645 792 1692 essbidio
808 1646 837 1691 si-

168 1712 232 1758 milis
242 1720 298 1759 erat.
330 1711 385 1757 Non
397 1710 486 1772 quidem
496 1723 567 1771 pavor
582 1708 620 1754 ilie
630 1709 725 1762 hostilis,
738 1724 781 1755 nee
791 1710 835 1755 dis-

166 1789 250 1823 tumus
258 1791 300 1839 per
310 1777 387 1822 urbem
395 1774 495 1821 militum
506 1779 569 1829 erst3
585 1787 632 1819 non
643 1773 755 1820 tumultus
763 1788 836 1820 armo·

165 1853 238 1898 πως
256 1855 306 1887 non
323 1840 433 1886 bonorum
451 1846 518 1899 etque
544 1838 660 1884 hominum
682 1841 772 1899 rapina:
797 1838 835 1885 sed

165 1905 253 1952 tacitus
260 1918 348 1951 anteros
358 1910 381 1950 et
391 1903 473 1957 luctus,
484 1903 613 1949 verentibus
623 1917 653 1948 ne
663 1903 718 1965 ipsae
728 1904 835 1963 lacrymae

167 1967 364 2099 hs
380 1964 835 2014 w

164 2100 229 2148 uest
250 2098 320 2147 Nunc
330 2097 431 2159 sepulcra
440 2098 557 2158 majorum,
566 2110 626 2141 nunc
637 2103 726 2143 veteres
736 2104 835 2158 penates,

165 2173 229 2212 nune
237 2170 304 2219 tectu,
313 2163 424 2224 inquibus
431 2162 502 2224 geniti
509 2167 579 2214 erant,
586 2161 609 2206 in
616 2161 741 2221 quibusque
751 2175 836 2223 genue-

166 2238 227 2286 mut,
245 2229 428 2283 considerabant3
446 2226 578 2273 miserantes
594 2240 655 2271 nuno
674 2226 747 2271 vicem
764 2239 833 2278 suam,

166 2293 229 2353 'quod
248 2294 272 2339 in
289 2305 339 2340 eam
358 2292 416 2338 diem
433 2291 559 2347 vixissent;
577 2304 637 2336 nunc
654 2287 759 2345 tiliorum,
776 2289 835 2350 quod

166 2372 216 2405 ‘non
254 2356 557 2404 stesrndiemnatiessent

200 2420 225 2468 V
239 2453 247 2467 .
262 2422 329 2468 Alios
344 2421 445 2482 populos,
465 2422 489 2466 in
504 2418 585 2465 finibus
603 2418 663 2481 ipsis,
684 2419 786 2466 hostibus
796 2433 836 2479 op-

166 2486 248 2549 ponit3
273 2486 330 2533 aiios
347 2487 371 2531 in
394 2484 501 2531 extremis
527 2484 592 2546 regni
619 2484 722 2531 terminis
744 2483 834 2539 statuit3

90 2586 95 2595 ·
164 2550 278 2611 quosdam
292 2549 352 2596 bello
362 2556 440 2611 captos
450 2550 474 2595 in
485 2549 664 2610 supplementum
680 2547 836 2595 urbium'divi-

168 2614 208 2663 dit.
240 2614 327 2677 «Atque
349 2614 381 2660 ita
399 2628 428 2660 ex
449 2612 526 2660 multis
543 2613 648 2675 gentibus
666 2613 836 2675 nationibusque

168 2694 240 2729 anum
256 2693 352 2745 regnrun
368 2678 521 2742 populumque
539 2678 663 2727 constituit.
697 2676 835 2741 Compositis
