1800 2942
327 466 514 535 JUSTINI

105 619 391 714 nisnonmuuu
410 648 731 714 Pururpprcunuu
750 743 752 750 Ι

171 805 279 880 amaa
296 791 510 882 mucosum
527 830 669 882 saxona

120 1106 144 1155 Ι.
158 1107 324 1157 Raecium
333 1115 426 1172 patemo
434 1124 513 1170 regno,
525 1108 663 1165 Demetrius,
675 1111 755 1173 etipse

85 1185 165 1222 rerum
175 1189 280 1223 successu
292 1180 416 1236 corruptus,
426 1174 489 1220 vitiis
498 1174 655 1221 adolescentiae
664 1175 688 1219 in
700 1190 752 1236 seg·

85 1239 168 1291 niciam
182 1238 277 1298 lubitum
294 1246 426 1299 tantumque
443 1245 581 1285 contemtum
601 1239 659 1300 apud
676 1253 754 1285 omnes

84 1303 183 1358 inertiae,
195 1312 302 1366 quantum
317 1305 394 1351 odium
408 1318 438 1350 ex
451 1302 554 1365 superbiis
564 1311 628 1365 pater
640 1304 755 1358 habuerat,

85 1369 208 1416 contraxit.
240 1367 321 1430 ltaque
331 1383 382 1416 cum
396 1368 424 1415 ab
440 1368 534 1430 imperio
544 1370 593 1431 ejus
603 1367 686 1430 passim
698 1367 754 1414 civi·

85 1440 150 1480 tates
168 1432 294 1489 deficerent,
314 1434 342 1481 ad
361 1433 493 1494 abolendam
515 1434 618 1497 segnitiae
637 1432 755 1488 maculam,

85 1498 173 1545 bellum
185 1497 275 1546 Parthis
285 1498 367 1546 infame
383 1499 475 1546 statuit:
495 1501 558 1562 eujus
572 1498 694 1545 adventum
708 1512 755 1544 non

84 1562 155 1612 inviti
173 1562 272 1611 Orientis
291 1564 367 1626 populi
383 1561 474 1618 vidira‘
490 1572 513 1611 et
532 1572 623 1626 propter
639 1562 756 1609 Arsacidae

85 1627 152 1690 regis
163 1626 298 1675 Parthorum
309 1628 469 1682 crudelitatem
481 1637 505 1675 et
514 1630 575 1690 quod
589 1629 660 1674 veteri
675 1626 756 1673 Mace-

86 1692 175 1739 donum
193 1693 287 1754 imperio
305 1694 394 1748 assueti,
412 1694 466 1739 novi
483 1694 562 1756 populi
579 1691 704 1754 superbiam
719 1692 759 1745 ins

87 1756 277 1820 dignoscrebant.
309 1756 389 1819 Itaque
401 1773 454 1805 cum
472 1766 496 1804 et
514 1758 641 1812 Persamm,
657 1764 681 1803 et
696 1755 755 1818 Ely-

85 1836 208 1877 maeorum,
219 1820 436 1883 Bactrianorumque
447 1823 537 1871 auxiliis
541 1824 667 1885 juvaretur,
678 1822 757 1868 multis

87 1884 177 1950 proeliis
188 1886 286 1934 Parthos
296 1886 361 1934 ludit.
393 1888 431 1934 Ad
441 1895 580 1949 postremum
595 1896 677 1941 tamen,
694 1887 757 1947 pacis

86 1950 234 2000 simulatione
245 1953 357 2013 deceptus,
369 1953 472 2014 capitur;
489 1953 649 2013 traductusque
660 1966 700 2013 per
716 1965 757 1997 ora

87 2016 223 2071 civitatium,
235 2018 330 2080 populis,
343 2017 382 2079 qui
398 2017 546 2071 desciverant,
557 2020 580 2063 in
591 2017 709 2063 ludibrium
721 2015 756 2063 fa·

85 2080 154 2129 voris
164 2082 295 2129 ostenditur.
328 2081 417 2129 Missus
427 2082 507 2128 deinde
522 2084 545 2128 in
558 2080 705 2142 Hyrcaniam,
716 2080 757 2127 be·

88 2146 164 2208 migne
172 2146 356 2208 etjuxtacultum
364 2146 464 2209 pristinae
470 2146 568 2193 fortunae
576 2146 675 2191 habetur.
691 2142 761 2190 Dum'

87 2212 143 2258 haec
154 2217 258 2273 aguntur,
277 2211 367 2256 interim
382 2211 405 2256 in
421 2208 488 2271 Syrii
502 2210 604 2272 Trypho,
622 2209 659 2271 qui
677 2224 701 2255 se
721 2216 759 2261 tu·

88 2284 165 2322 torem
180 2274 302 2330 Antiocho,
319 2273 432 2322 Demetrii
449 2275 562 2338 privigno,¹
577 2274 679 2322 substitui
691 2289 705 2320 a
715 2290 757 2337 po-

88 2339 148 2403 pulo
160 2338 305 2395 laboraverat,
322 2341 396 2386 occiso
412 2341 502 2402 pupillo,
523 2355 617 2400 regnum
634 2337 706 2400 Syriae
722 2339 757 2385 in·

88 2403 163 2451 vadit:
193 2401 248 2458 Quo
258 2405 296 2451 diu
306 2405 399 2466 potitus,
417 2406 507 2452 tandem
523 2405 666 2451 exolescente
678 2404 757 2450 favore

89 2468 190 2517 recentis
204 2469 299 2531 imperii,
318 2470 345 2516 ab
356 2470 471 2516 Antiocho
487 2485 556 2532 puero
567 2470 694 2522 admodum,
706 2467 757 2515 De-

88 2533 168 2581 metrii
178 2532 253 2590 fratre,
265 2535 302 2595 qui
314 2535 338 2580 in
350 2533 406 2581 Asia
418 2535 560 2590 educabatur,
576 2534 634 2581 bello
645 2533 759 2591 vincitur;

89 2612 214 2660 rursusque
226 2614 322 2662 regnum
334 2599 407 2659 Syriae
425 2601 453 2646 ad
472 2599 571 2647 sobolem
588 2597 702 2646 Demetrii
720 2610 756 2642 re-

86 2662 194 2712 vertitur.
226 2661 302 2728 Igitur
317 2663 453 2719 Antiochus,
474 2679 561 2713 memor
578 2664 639 2725 quod
655 2669 680 2709 et
693 2668 757 2723 pater
