1800 2942
260 154 397 208 JUSTINI
413 156 513 206 Lmv.
528 157 621 209 Cae&
733 167 780 213 198

110 285 241 349 opibusque
256 287 285 333 ad
303 302 366 350 spem
383 286 482 335 fortune
498 289 579 352 prioris
597 290 676 336 erexit.
711 290 782 338 Aucti

110 351 188 413 igitar
203 351 294 405 viribus,
312 351 446 400 Alcibiaden
465 369 517 401 cum
534 361 626 402 centum
645 353 740 402 navibus
757 357 783 403 iu

48 453 52 458 .
109 417 197 463 Asiam
207 415 351 478 profectum.
362 417 416 463 dum
430 434 499 480 agros
509 416 579 480 longi
587 433 644 481 pace
653 419 734 467 divites
744 435 782 467 se·

109 481 193 527 curius
202 480 327 543 populatur,
339 488 362 528 et
371 483 456 543 praedae
466 483 582 531 dulcedine
593 485 642 531 sine
652 483 782 531 insidiarum

111 551 180 592 metu
196 560 284 608 sperem
303 546 385 592 milites
403 548 476 602 babet,
494 548 610 609 repentino
624 548 724 596 adventu
741 565 783 611 op·

114 605 231 672 pressire:
252 616 358 670 tsntsque
379 612 452 658 caedes
473 613 595 673 petundum
613 612 663 669 fuit,
685 620 711 660 ut
731 614 782 675 plus

107 674 216 722 vulneris
227 690 254 721 eo
264 675 345 736 proelio
357 673 508 724 Athenienses
519 678 652 739 acciperent,
662 692 731 739 quum
741 692 781 724 su·

109 739 239 802 perioribus
256 739 377 786 dederant:
396 747 420 787 et
429 747 492 789 tanta
503 742 627 803 desperatio
637 743 696 804 apud
706 742 781 789 Athe-

105 805 207 851 nienses
227 810 282 859 erat,
304 811 330 850 ut
351 818 381 851 ex
403 806 528 853 continenti
549 806 682 853 Alcibiaden
700 808 781 855 ducem

114 867 215 917 Conone
225 875 354 925 mutarent3
370 869 504 917 arbitrantes
514 871 587 919 victos
598 886 623 917 se
633 887 680 919 non
690 871 782 919 fortunii

111 933 173 987 belli.
190 931 322 980 seddrnude
332 933 479 995 imperatoris,
495 936 555 997 apud
570 951 637 997 quem
652 937 704 998 plus
720 938 783 999 prior

110 997 201 1045 offensu
218 997 331 1051 valmsset,
353 1013 420 1059 quam
441 1001 541 1047 recentia
557 999 680 1048 beneficia:
699 1002 781 1049 vicisse

108 1070 191 1111 ¹uatem
209 1077 260 1109 eum
278 1063 353 1124 priore
368 1063 427 1109 bello
444 1064 496 1111 ideo
508 1070 604 1119 tentum,
615 1074 641 1112 ut
651 1068 781 1114 ostenderet

105 1127 224 1183 bostibus,
242 1142 308 1188 quem
326 1128 405 1174 duccm
423 1129 567 1189 sprevissent,
585 1137 608 1176 et
623 1138 650 1176 ut
664 1132 737 1178 carius
748 1132 782 1178 eis

111 1193 185 1254 ipsam
204 1192 321 1239 victoriam
340 1192 469 1239 venderet.v
488 1191 572 1240 Omnis
590 1194 649 1241 enim
668 1195 780 1242 credibilis

109 1258 137 1303 in
149 1256 265 1303 Alcibiade
279 1257 346 1318 vigor
359 1256 445 1318 ingenii
464 1263 488 1302 et
502 1271 591 1304 morum
606 1258 695 1305 luxuria
709 1259 779 1306 facie·

107 1323 159 1369 bat.
190 1319 283 1368 Veritus
300 1321 376 1381 itaque
397 1321 546 1369 multitudinis
566 1323 683 1385 impetum,
705 1324 779 1371 denuo

105 1387 137 1434 -in
148 1385 299 1433 volontarium
307 1386 412 1433 exsilium
422 1385 577 1448 proficiscitur.

144 1448 191 1496 v1.
206 1448 286 1512 ltaque
297 1449 380 1500 Conon
387 1450 498 1498 Alcibiadi
506 1450 620 1506 suffectus,
630 1452 714 1499 babens
725 1459 778 1502 ante

110 1514 191 1564 oculos
211 1515 247 1561 cui
266 1515 318 1562 duci
337 1516 489 1569 successisset,
510 1516 604 1563 classem
624 1514 722 1564 maximi
741 1518 777 1565 in·

109 1578 198 1627 dustrii
208 1586 315 1627 exornat:
335 1580 374 1627 sed
385 1581 481 1628 mribus
496 1581 609 1628 exercitus
627 1581 710 1635 deerat,
728 1580 778 1629 for·

109 1645 204 1692 tiuimis
213 1644 338 1705 quibusque
346 1645 371 1692 in
382 1645 447 1692 Asiae
457 1645 602 1708 populatione
608 1646 705 1693 amissis.
729 1647 776 1694 Ar·

109 1716 203 1756 urentur
212 1715 289 1756 tamen
300 1724 365 1757 mnes
382 1718 421 1757 sut
438 1711 564 1773 impuberes
578 1711 648 1774 pueri,
660 1719 685 1758 et
697 1726 777 1759 nume·

103 1789 150 1821 ras
160 1773 256 1820 militum
267 1774 317 1821 siae
326 1774 438 1828 mercitus
447 1776 528 1822 robore
537 1776 647 1838 expletur.
674 1776 720 1824 Sed
731 1791 778 1825 nou

108 1852 217 1901 magnum
227 1838 287 1886 bello
296 1853 384 1886 moram
395 1847 451 1887 aetss
461 1839 516 1887 lecit
526 1841 636 1889 imbellis:
657 1841 776 1889 cedinus

105 1903 202 1966 possim,
213 1909 253 1950 sut
259 1901 373 1966 fugientes
383 1905 516 1967 cupiuntur3
527 1913 777 1968 tentoquestrsgessut

106 1968 236 2015 occisorum
247 1975 287 2015 aut
297 1970 435 2031 captivorum
445 1968 496 2023 luit,
514 1979 541 2017 ut
551 1971 723 2018 Atheniensium
735 1969 775 2017 de·

106 2033 182 2080 letum
199 2046 246 2079 nou
264 2033 381 2095 imperium
395 2041 491 2088 tentum,
510 2035 671 2082 verumetiam
683 2048 774 2089 nomes,

94 2097 231 2145 videretur.
263 2096 317 2151 Quo
331 2098 413 2161 proelio
422 2099 514 2160 perditis
531 2107 556 2146 et
570 2098 692 2160 desperatis
702 2099 776 2154 rebus

100 2162 138 2210 a'd
149 2168 236 2209 tantam
247 2161 344 2224 inopiam
355 2162 494 2226 rediguntur,
511 2169 546 2219 ut,
556 2160 675 2210 consumti
684 2163 775 2211 militari

100 2232 186 2280 ¹astute,
198 2226 323 2288 peregrinis
332 2228 455 2285 civitatem,
463 2228 535 2275 servis
544 2228 675 2283 libertatem,
682 2229 775 2276 &mns-

101 2292 137 2339 tis
156 2291 312 2353 impunitatem
330 2292 415 2340 dorent
448 2292 488 2338 Ex
506 2291 551 2352 qud
564 2292 691 2340 colluvione
701 2295 774 2341 bomi-

101 2355 307 2468 ppempwcpupctriptbp
320 2358 434 2469 psrerc‘rtlrp,e
439 2356 524 2468 domitrpi
534 2365 601 2469 sntep
607 2357 722 2469 r{incolae
734 2360 775 2435 vix

114 2436 122 2467 r
252 2435 280 2467 ue
307 2437 367 2470 nur.
435 2437 486 2468 rum
519 2437 775 2470 menounarnmarrs

100 2485 267 2547 experiendum
286 2486 417 2535 decernunt.
457 2485 533 2534 Tanta
553 2488 626 2535 virtus
646 2489 774 2535 animorum

105 2557 164 2605 erat,
176 2557 208 2605 ut,
219 2564 271 2597 mm
282 2551 352 2613 psulo
358 2559 412 2598 ante
421 2551 516 2599 muers
527 2551 700 2615 despersrerint,
712 2563 773 2598 nunc

100 2629 156 2662 naon
166 2613 287 2676 desperent
301 2616 427 2663 victorium.
459 2616 505 2663 Sed
518 2632 593 2678 neque
609 2618 629 2663 is
642 2617 708 2663 miles
718 2621 773 2670 erat,

104 2692 240 2743 prenomen
250 2680 424 2732 Atinensium
435 2689 550 2739 tueretur;
567 2696 641 2743 noque
656 2695 691 2729 ω
706 2678 773 2734 vim,

533 2761 546 2791 s
