1800 2942
250 139 389 193 JUSTINI
405 141 503 192 Lon.
519 141 610 194 card.
715 146 764 194 169
859 163 862 167 ’

92 288 123 337 pe
140 277 253 332 naturam,
270 288 322 320 cum
337 275 434 337 primum
445 276 585 321 incrementa
595 272 676 320 caloris
685 287 712 319 ac
721 272 764 319 fri·

92 339 159 401 gosis
168 338 298 399 regionibus
308 339 417 393 distinxit,
437 341 513 386 atatim
523 339 552 386 ad
561 339 662 385 locorum
677 338 765 399 patien-

92 405 149 451 tiam
161 403 266 450 animalia
276 418 372 465 quaeque
383 403 517 465 generiaaes
537 404 576 450 aed
584 411 608 451 et
615 404 718 450 arborum
730 410 766 450 at-

93 484 140 530 que
149 466 243 530 frugum
254 484 296 531 pro
306 469 424 532 regionum
430 470 560 517 conditione
570 476 621 531 apte
628 483 714 531 genera
724 482 765 515 va-

94 534 169 590 riata3
186 542 211 579 at
227 541 311 595 quanto
332 533 424 595 Scythia
439 536 469 581 ait
486 534 569 581 coelum
587 534 686 595 asperius
697 547 765 593 quam

93 598 224 660 AEgyptiis,
242 605 306 645 tanto
322 606 346 646 et
356 614 450 661 corpora
465 607 489 645 et
505 600 597 661 ingenia
606 614 657 645 ease
667 598 765 645 duriora.

94 661 222 717 Caeterum,
235 664 342 711 aimundi
353 680 405 725 quae
416 680 477 711 nunc
488 674 563 726 partes
574 674 634 719 sunt,
645 663 766 724 aliquando

92 730 170 776 unitas
186 726 239 786 fuit,
261 729 310 776 aive
328 729 418 776 illuvies
435 744 543 791 aquarum
562 730 672 791 principio
690 742 766 774 rerum

94 801 167 842 terras
181 794 274 840 obrutas
292 795 364 841 tenuit
370 812 378 853 3
402 795 450 842 aive
465 795 532 856 ignis,
554 795 593 855 qui
615 801 638 840 et
655 794 766 839 mundum

93 858 183 922 genuit,
201 867 284 906 cuncta
289 860 399 921 possedit,
415 860 532 921 utriusque
542 858 657 922 primordii
669 859 767 919 Scythas

93 924 184 986 origine
195 934 310 986 prestare.
343 924 404 972 Nam
416 926 435 971 si
449 926 510 987 ignis
522 926 595 988 prima
605 924 717 986 possessio
728 937 766 969 re·

92 1004 145 1036 rum
156 988 208 1043 fuit,
220 990 258 1050 qui
270 991 376 1051 paulatim
386 992 519 1045 exstinctus,
532 991 608 1037 sedem
619 990 686 1037 terris
697 988 766 1044 dedit,

92 1054 179 1102 nullam
194 1055 256 1115 priua
273 1070 340 1117 quam
357 1055 568 1118 Septemtrionalem
580 1062 667 1117 partem
685 1053 767 1100 hiemis

93 1118 172 1181 rigore
182 1120 211 1165 ab
221 1120 275 1182 igne
287 1129 410 1178 accretam3
429 1122 485 1168 adeo
496 1128 522 1168 ut
532 1136 593 1167 nunc
604 1135 693 1181 quoque
704 1118 767 1166 nulla

92 1186 169 1246 magis
180 1185 254 1246 rigeat
269 1185 405 1248 frigoribus:
425 1186 556 1248 AEgyptum
569 1200 630 1238 vero,
648 1191 673 1230 et
690 1191 766 1230 totum

93 1248 215 1296 Orientem
226 1251 353 1299 tardissime
363 1259 528 1313 temperatumz
547 1251 629 1312 quippe
645 1250 683 1310 qui
697 1249 767 1295 etiam

92 1329 156 1361 nuuc
168 1315 263 1362 torrenti
273 1317 349 1364 calore
360 1317 414 1364 solia
424 1322 543 1363 exaestuet.
577 1313 646 1369 Quod
658 1315 676 1360 si
688 1327 768 1360 omues

93 1379 210 1441 quondam
221 1388 289 1428 terrae
300 1383 422 1429 submersas
432 1380 546 1443 profundo
555 1379 654 1432 fuerunt,
665 1377 768 1440 profecto

93 1444 243 1493 editissimam
270 1462 383 1509 quamque
408 1454 495 1509 partem
517 1444 687 1493 decurrentibus
702 1443 768 1503 aquia

92 1510 194 1573 primum
217 1511 342 1571 detectam
360 1512 487 1559 humillimo
503 1519 579 1559 autem
599 1509 648 1556 solo
665 1508 768 1555 eamdem

93 1591 176 1637 aquam
188 1576 313 1624 diutissime
325 1579 480 1632 immoratum:
500 1583 524 1624 et
535 1581 621 1639 quanto
631 1575 693 1637 prior
703 1587 768 1634 quaa·

93 1649 314 1703 queparaterrarum
320 1639 768 1705 siccataaittantopriusanimnliagene·

93 1720 145 1754 rare
152 1708 257 1767 coepiaae.
270 1707 343 1754 Porro
350 1708 467 1770 Scythiam
475 1709 531 1755 adeo
539 1707 655 1754 editiorem
664 1704 770 1752 omnious

94 1772 164 1819 terris
182 1786 239 1827 ease,
257 1780 283 1820 ut
298 1781 380 1820 cuncta
397 1772 492 1820 flumina
508 1774 538 1819 ibi
554 1784 608 1819 nata
617 1771 641 1818 in
653 1769 767 1825 Maeotim,

93 1841 145 1883 tum
156 1836 239 1883 deinde
248 1839 272 1884 in
285 1837 406 1886 Ponticum
425 1846 449 1885 et
465 1837 602 1901 AEgyptiurn
613 1852 676 1883 mare
687 1837 768 1882 decur-

94 1908 155 1949 rant.
179 1900 309 1965 AEgyptum
320 1912 404 1957 autern,
415 1919 468 1964 quae
478 1913 513 1949 tot
526 1918 612 1965 regum,
624 1908 659 1949 tot
670 1900 768 1947 sarculo-

75 1993 79 2000 ·
93 1981 146 2013 rum
158 1964 213 2013 euri
224 1967 370 2030 impensisque
383 1969 471 2015 munita
490 1969 526 2022 ait,
543 1976 568 2014 et
583 1967 702 2014 adversum
721 1966 769 2011 vim

93 2031 260 2078 incurrentium
278 2048 386 2094 aquarum
404 2034 473 2079 tantis
490 2034 600 2079 instructa
614 2031 717 2085 molibus,
734 2035 770 2076 tot

92 2094 165 2142 fossis
174 2097 273 2150 concisa,
287 2105 319 2151 ut,
332 2113 383 2145 cum
394 2098 430 2145 his
441 2105 566 2150 arceantur,
578 2097 623 2142 illia
634 2096 771 2157 recipiantur

93 2175 169 2222 aquae,
182 2161 327 2209 nihilominus
340 2163 391 2218 coli,
410 2163 453 2208 nisi
466 2161 558 2209 excluso
570 2159 632 2214 Nilo,
644 2176 690 2206 non
701 2166 769 2222 potu-

94 2225 146 2279 erit,
163 2240 211 2271 non
227 2241 295 2287 posse
312 2227 383 2274 videri
399 2228 516 2274 hominum
527 2232 641 2274 vetustate
659 2226 770 2279 ultimam,

94 2305 156 2353 que,
167 2292 352 2353 aggerationibua
360 2307 447 2355 regum,
455 2294 504 2339 sive
511 2291 559 2338 Nili
566 2290 675 2337 trahentis
682 2291 770 2345 limum,

95 2363 209 2404 terrarum
227 2358 382 2404 recentissima
397 2355 523 2404 videatur.”
558 2355 605 2402 His
619 2356 689 2417 igitur
701 2370 770 2417 argu·

95 2420 182 2468 mentia
193 2424 304 2497 superatis
315 2421 440 2486 AEgyptiia,
461 2422 600 2483 antiquiores
611 2436 699 2484 semper
712 2421 771 2480 sey-

95 2486 279 2613 ¹hvlldisd'cythia
289 2560 374 2610 autem,
387 2553 411 2599 in
423 2551 541 2599 Orientem
553 2560 662 2614 porrecta,
674 2548 770 2596 includi·

95 2622 136 2664 tur
146 2617 175 2664 ab
186 2632 233 2665 uno
244 2617 314 2664 latere
330 2617 413 2672 Ponto,
429 2624 453 2664 et
466 2619 494 2663 ab
505 2618 575 2663 altero
586 2615 700 2663 montibus
711 2613 771 2659 Rhi-

95 2682 170 2746 μίας
187 2696 202 2730 a
220 2689 287 2748 tergo
302 2681 361 2732 Asta
376 2690 400 2732 et
416 2682 487 2731 Phasi
501 2681 603 2730 flumine.
634 2678 736 2727 Multum
748 2678 773 2723 in
