1800 2942
141 132 190 179 154
247 184 248 187 Ἴ
301 128 439 180 JUSTINI
456 128 539 178 LraL
556 128 653 180 caes.

141 260 258 322 Scythiam
279 261 432 323 processisset,
455 268 529 307 castra
549 267 649 308 metatus
670 267 715 308 est.
746 260 811 310 Dein

139 323 231 387 posteri
240 325 282 380 die,
294 325 399 372 simulato
407 331 477 381 metu,
488 326 552 386 qussi
563 325 677 388 refugiens
686 334 760 374 castra
770 328 810 376 de·

140 390 253 446 sensisset,
270 391 302 438 ita
313 390 359 437 riui
371 389 462 446 affatim,
477 398 500 437 et
510 405 538 437 ea
547 405 600 452 quse
610 391 682 452 epulis
693 398 759 438 erant
769 407 810 440 ns·

141 456 244 512 cessaria,
256 456 352 517 reliquit.
364 455 433 509 Quod
448 470 500 502 curn
511 456 639 502 annuarum
650 456 737 518 reginae
744 465 812 514 esset,

141 520 333 568 adolescentulum
357 519 436 575 lilium,
458 521 486 568 ad
502 521 666 582 insequendum
681 536 741 576 eum,
758 538 810 569 cum

141 583 208 634 tertii
223 595 287 647 parte
301 584 415 649 copiamm
426 586 503 633 mittit.
535 584 595 635 Cum
607 593 702 633 ventum
713 587 743 634 sd
754 586 811 648 Cyri

140 657 215 698 castra
224 658 290 706 esset,
307 652 401 713 ignarus
420 651 451 697 rei
470 651 572 698 militaris
584 652 722 706 adolescens,
740 652 811 699 veluti

140 716 170 780 ad
180 716 264 778 spadas,
276 731 322 764 aon
333 717 361 763 ad
372 716 589 779 proeliumvenipset,
601 717 691 764 omissis
701 717 811 773 hostibus,

140 781 242 828 insuetos
253 783 357 828 barbaros
367 783 422 828 vino
441 798 467 829 se
483 796 576 828 onerare
586 782 688 844 patitur3
705 782 813 846 priusque

142 845 235 907 Scythae
257 846 370 901 ebrietate,
390 862 457 908 quam
479 846 539 894 bello
560 847 690 894 vincuntur.
741 845 812 903 Nam,

140 912 240 973 cognitis
251 912 293 963 hia
312 908 388 972 Cyrus
399 927 502 959 reversus
512 927 553 975 per
563 920 654 959 noctem
666 913 756 960 saucios
771 927 812 975 op·

141 976 224 1039 primia
236 989 360 1038 omnesque
372 976 470 1036 Scythas
480 992 532 1024 cum
544 978 629 1040 reginae
640 976 686 1023 lilio
698 977 825 1042 interficit.¹

141 1040 236 1087 Amisso
253 1047 318 1087 tanto
340 1043 447 1097 exercitu,
471 1049 495 1089 et
514 1043 586 1106 (quod
602 1042 695 1104 gravius
713 1038 813 1102 doleret)

141 1107 209 1152 unico
220 1104 273 1159 tilio,
288 1104 397 1167 Tomyris
411 1107 512 1154 orbitatis
528 1106 628 1155 dolorem
639 1122 685 1154 nou
700 1108 725 1155 in
737 1107 814 1168 lacry-

141 1186 191 1218 mas
202 1170 289 1229 edidit,
307 1171 346 1218 sed
357 1172 381 1218 in
395 1171 488 1220 ultionis
498 1172 579 1219 solatia
589 1173 701 1230 intendit;
722 1173 815 1221 hostes·

88 1270 96 1277 .
141 1252 192 1298 que,
215 1237 300 1284 recenti
321 1236 417 1285 victorii
437 1238 584 1293 exsultantes,
611 1238 659 1298 pari
680 1238 814 1285 insidiarum

140 1300 221 1349 fraude
248 1304 410 1350 circumvenite
437 1303 525 1366 quippe,
556 1301 660 1349 simulati
690 1298 815 1350 mffidennt

141 1375 234 1430 propter
250 1368 334 1415 vulnus
349 1374 474 1429 acceptum,
491 1367 614 1430 refugiens,
632 1365 721 1429 Cyrum
733 1368 762 1414 ad
773 1382 814 1415 an-

142 1434 230 1495 gustias
241 1449 314 1494 usque
323 1430 434 1495 perduxit
468 1430 504 1478 Ibi
522 1433 653 1494 compositis
663 1432 687 1478 in
698 1433 816 1481 montibus

142 1498 236 1564 insidiis,
256 1498 353 1545 ducenta
373 1498 444 1544 millia
466 1496 587 1545 Persarum
611 1512 663 1544 cum
685 1497 737 1559 ipso
760 1512 816 1560 rege

143 1564 272 1611 trucidavit.
303 1562 332 1610 ln
349 1562 394 1624 quai
407 1561 502 1610 victorii
514 1564 582 1610 etiam
598 1562 653 1609 illud
668 1563 817 1611 memorabile

142 1628 194 1684 fuit,
212 1629 272 1690 quod
283 1643 313 1676 ne
324 1629 418 1675 nundus
432 1627 522 1690 quidem
533 1634 604 1675 tantae
615 1627 684 1675 cladis
695 1628 816 1690 superfuit

144 1691 225 1754 Caput
233 1691 296 1755 Cyri,
308 1701 455 1755 amputatum,
471 1694 495 1739 in
506 1700 580 1740 utrem
591 1693 691 1740 humano
703 1693 817 1756 sanguine

143 1757 254 1819 repletum
265 1759 345 1820 conjici
356 1759 436 1821 regina
441 1759 513 1820 jubet,
526 1773 577 1805 cum
588 1758 630 1805 hac
641 1759 818 1820 exprobratione

143 1821 298 1869 crudelitatis:
319 1829 334 1851 ‘⁴
347 1822 410 1869 Sutia
420 1822 468 1878 tc,”
486 1824 565 1884 inquit,
582 1828 597 1852 “
607 1824 726 1907 sangupne,
746 1837 817 1884 quern

144 1887 219 1942 sitisti,
240 1888 349 1949 cujusque
365 1888 495 1936 insatiabilis
513 1903 601 1950 semper
616 1886 703 1934 fuisti’
739 1886 819 1950 Cyrus

143 1952 249 2016 regnavit
268 1967 340 1999 annos
358 1954 459 2016 triginta,
482 1968 528 1999 non
547 1953 612 2001 initio
630 1959 719 2000 tantum
742 1953 818 2015 regni,

144 2019 184 2066 sed
199 2017 307 2065 continuo
323 2019 393 2066 totius
404 2019 512 2081 temporis
523 2033 635 2074 successu,
655 2018 819 2066 admirabiliter

142 2083 186 2131 ins'
221 2084 248 2131 is.

178 2099 226 2196 lglll.
244 2148 307 2196 Huic
322 2149 430 2196 successit
445 2147 504 2195 filius
515 2146 650 2210 Cambyses,
672 2147 710 2209 qui
721 2147 819 2210 imperio

144 2215 215 2276 patris
225 2213 354 2277 AEgyptum
366 2214 460 2276 adJecitr
480 2213 519 2260 sed
534 2212 633 2260 offensus
649 2213 820 2274 superstitioni·

144 2278 363 2342 busAEgyptiorum,
372 2280 438 2341 Apis,
449 2286 627 2339 caeterorumque
637 2275 745 2324 Deorum
757 2277 820 2325 sedes

146 2344 203 2391 dirui
221 2346 294 2406 jubet
326 2344 365 2391 Ad
387 2343 526 2391 Hammonis
544 2358 634 2405 quoque
651 2342 820 2390 nobilissimum

146 2409 254 2470 templum
266 2409 449 2471 expugnandum,
469 2409 594 2455 exercitum
604 2408 687 2454 mittit:
706 2409 746 2468 qui
757 2415 819 2455 tem·

146 2475 270 2534 pestatibus
287 2482 311 2519 et
328 2488 445 2520 arenarum
464 2473 559 2523 molibus
578 2487 705 2536 oppressus,
725 2472 821 2519 interiit.

147 2537 206 2584 Post
216 2538 266 2583 haeo
276 2553 317 2598 per
327 2539 426 2597 quietem
441 2538 497 2584 vidit
506 2539 599 2584 fratrem
617 2552 682 2584 suum
703 2535 819 2583 Smerdim

147 2612 309 2664 regnaturum:
329 2617 374 2662 quo
391 2602 479 2648 somnio
491 2603 618 2655 exterritus,
636 2616 682 2648 non
699 2600 820 2652 dubitavit,

147 2676 201 2729 post
211 2667 336 2729 sacrilegia,
355 2666 423 2713 etiam
433 2666 576 2728 parricidium
587 2665 677 2713 facere:
697 2664 820 2712 eratenim
