1800 2942
252 136 391 193 JUSTINI
406 137 505 188 LraIl.
521 137 613 190 ΟΜ.
722 145 769 191 167

95 270 163 333 quasi
176 268 224 325 sibi,
236 285 282 317 non
292 272 372 332 patriae
382 270 480 325 vicisset,
490 270 632 331 tyrannidem
642 285 683 333 per
693 270 769 318 dolum

95 342 204 398 occupat:
225 331 311 398 quippe'
318 335 448 383 voluntariis
459 336 587 384 verberibus
597 336 659 382 domi
669 335 769 390 affectus,

94 402 242 461 laceratoque
252 415 354 461 corpore,
366 402 388 447 in
399 400 513 463 publicum
521 401 680 464 progrediturs
699 402 770 447 advo-

96 465 149 515 cata
155 468 273 520 concione,
281 465 464 529 vulnerapopulo
476 467 588 513 ostendit:
604 467 632 513 de
638 467 770 513 crudelitate
859 483 862 488 ¹

95 532 232 595 principum,
245 531 349 591 aquibus
359 532 409 577 haec
424 547 449 578 se
460 546 550 592 passum
558 532 682 585 simulabat,
693 532 770 592 queri-
836 576 840 581 .
866 531 869 538 '

94 604 147 643 tur:
168 596 281 644 adduntur
291 597 383 643 vocibus
390 597 505 657 lacrymae,
517 604 541 643 et
548 595 659 645 invidiosi
668 597 771 643 oratione

94 660 220 709 multitudo
231 660 322 709 credula
332 661 474 708 accenditur:
494 677 571 708 amore
583 662 653 724 plebis
669 663 769 709 invisum

94 742 122 774 se
139 726 229 773 senatui
247 726 352 773 affirmat:
373 728 460 773 obtinet
477 727 507 773 ad
523 726 648 773 custodiam
668 728 769 789 corporis

93 791 130 840 sui
142 791 265 837 satellitum
277 791 399 848 auxilium3
417 806 457 853 per
464 806 522 852 quos
527 790 636 855 occupati
644 792 769 853 tmanuide,

93 872 136 921 per
147 869 220 906 annos
229 856 321 918 triginta
332 864 378 903 tres
389 858 501 920 regnavit.

127 919 177 968 IX.
195 919 252 968 Post
262 922 311 983 ejus
322 928 419 969 mortem
427 921 529 977 Diocles,
545 922 602 969 alter
616 936 646 970 ex
658 921 717 976 liliis,
729 935 770 984 per

93 987 143 1037 vim
163 983 265 1047 stuprati
286 986 382 1048 uirgine,
400 1002 414 1033 a
431 986 503 1034 fratre
522 987 604 1049 puellae
629 985 770 1034 interficitur.

94 1052 171 1106 Alter,
184 1049 283 1112 Hippias
294 1052 392 1106 nomine,
405 1067 457 1098 cum
471 1053 590 1114 imperium
601 1060 721 1113 paternum
732 1061 768 1098 te-

94 1124 169 1170 neret,
186 1116 354 1163 interfectorem
370 1115 447 1163 fratris
465 1118 623 1179 comprehendi
630 1118 711 1180 jubet:
730 1116 769 1178 qui

93 1197 147 1231 cum
158 1195 200 1242 per
217 1187 330 1228 tormenta
346 1182 449 1228 conscios
462 1182 531 1228 caedis
547 1182 768 1248 nominareeogere·

93 1253 138 1301 tur,
155 1260 236 1293 omnes
253 1247 337 1293 amicos
347 1246 438 1307 tyranni
449 1247 588 1293 nominavit:
607 1248 687 1307 quibus
698 1248 768 1293 inter-

93 1311 169 1365 fectis,
193 1312 302 1371 quaerenti
323 1318 427 1372 tyranno,
446 1326 475 1358 an
497 1311 570 1358 adhuc
592 1312 660 1371 aliqui
682 1312 767 1358 conscii

92 1384 178 1430 essent,
191 1375 314 1423 Neminem
326 1377 365 1423 ait'
374 1391 499 1438 superesse,
516 1390 583 1437 quem
599 1376 694 1438 emplius
708 1376 768 1423 mori

92 1442 185 1505 gestim,
196 1456 263 1502 quam
278 1442 352 1506 ipsum
368 1449 497 1503 tyrannam.
532 1439 586 1495 Qua
595 1456 654 1487 voca
668 1441 767 1504 eJusdem

91 1522 117 1555 se
128 1508 223 1568 tyranni
230 1508 344 1563 victorem,
356 1513 409 1568 post
422 1507 544 1553 vindictam
552 1506 667 1568 pudicitiae
677 1506 767 1562 sororis,

92 1572 201 1620 ostendit.
233 1570 311 1633 Hujus
322 1572 405 1618 virtute
416 1586 468 1618 cum
484 1572 599 1618 admonita
610 1571 689 1618 civitas
699 1571 767 1617 liber·

93 1638 147 1685 tatis
158 1643 226 1691 esset,
237 1637 327 1684 tandem
340 1635 438 1698 Hippias
446 1652 518 1699 regno
531 1636 616 1699 pulsus,
628 1637 652 1683 in
663 1636 766 1682 exsilium

91 1703 184 1765 agitur:
204 1702 242 1761 qui
253 1700 367 1763 profectus
375 1702 398 1747 in
411 1700 500 1757 Persas,
509 1702 589 1749 ducem
598 1717 623 1748 se
637 1700 717 1755 Dario,
729 1702 767 1748 in·

90 1766 174 1815 ferenti
184 1767 360 1814 Atheniensibus
370 1766 460 1822 bellum,
469 1768 535 1815 sicuti
541 1783 608 1830 supra
616 1767 768 1829 significatum

91 1839 135 1889 est,
146 1832 255 1880 adversus
265 1832 360 1894 patriam
372 1847 434 1879 auam
447 1832 520 1879 offert.
553 1832 629 1895 Igitur
639 1833 767 1879 Athenien-

91 1914 137 1955 ses,
149 1897 227 1945 audito
238 1896 305 1944 Darii
317 1898 424 1956 adventu,
435 1898 544 1946 auxilium
554 1914 568 1945 a
579 1896 766 1952 lacedemoniis,

92 1961 155 2012 socii
177 1971 227 2012 tum
240 1963 337 2019 civitate,
354 1963 490 2025 petiverunt.
523 1963 589 2018 Quos
604 1964 641 2009 ubi
660 1963 766 2008 ridemnt

75 2028 203 2091 ‘quatridui
215 2029 285 2074 teneri
297 2028 414 2090 religione,
430 2044 476 2076 non
488 2035 617 2091 exspectato
628 2026 719 2079 auxilio,
731 2028 767 2072 in-

90 2094 185 2141 structis
195 2093 274 2139 decem
283 2093 380 2140 millibus
391 2094 482 2149 civium,
495 2105 518 2141 et
530 2091 693 2140 Plataeensibus
701 2093 765 2138 auxi-
856 2091 862 2094 ⁴

89 2160 183 2206 liaribus
204 2158 273 2213 mille,
288 2159 396 2206 adversus
414 2167 521 2206 sexcenta
537 2158 607 2204 millia
623 2157 722 2202 hostium
741 2157 765 2203 in

89 2237 185 2287 campos
196 2221 356 2270 Marathonios
365 2226 389 2270 in
400 2225 505 2285 proelium
522 2222 675 2284 egrediuntur.
708 2221 765 2268 Mil-

90 2290 163 2338 tiades
179 2295 202 2334 et
219 2288 266 2334 dux
282 2288 335 2335 belli
351 2297 405 2343 erat,
421 2299 445 2336 et
460 2296 538 2335 auctor
556 2301 601 2333 non
621 2286 765 2349 exspectandi

90 2353 183 2401 auxiliis
203 2368 271 2413 quem
282 2361 346 2400 tanta
361 2353 444 2400 fiducia
459 2360 554 2415 ceperat,
570 2352 657 2413 utplus
668 2351 765 2415 praesidii

90 2421 114 2466 in
126 2418 248 2473 celeritate,
260 2433 327 2480 quam
338 2419 362 2465 in
374 2419 446 2473 sociis,
464 2418 562 2465 duceret.
595 2417 686 2479 Magna
695 2419 770 2479 igituu

90 2483 114 2531 in
126 2498 227 2547 pugnam
238 2483 343 2530 euntibm
353 2484 456 2546 alacritas
466 2484 592 2530 animorum
602 2482 652 2537 suit,
665 2483 721 2529 adeo
732 2488 765 2535 ut,

91 2564 143 2595 eum
155 2548 218 2596 mille
227 2564 307 2611 passus
317 2551 377 2595 inter
386 2550 442 2596 duaa
453 2549 513 2595 acies
529 2554 612 2603 essent,
620 2548 689 2593 citato
698 2558 765 2591 cursu

92 2621 144 2662 ante
158 2615 248 2677 J'actum
265 2614 399 2677 sagittarum
418 2613 447 2660 ad
465 2615 554 2660 hostem
569 2611 680 2660 venerint.
712 2607 766 2654 Nee

90 2680 199 2738 audaciae
213 2680 262 2744 ejm
279 2687 375 2729 eventus
393 2678 480 2729 desum
506 2685 634 2741 pugnatum
649 2681 685 2720 est
704 2673 765 2720 enim
