1800 2942
244 144 382 198 JUSTINI
398 145 451 195 Lm
464 143 500 195 ΙΙ.
511 144 572 197 Car.
582 151 620 196 10.
721 149 768 196 169

95 292 176 341 regem
189 278 299 335 babuisse,
316 293 363 325 non
377 278 497 333 baeredern,
510 278 550 325 seri
561 276 699 324 conditorem
710 276 768 323 tanti

79 346 87 366 ³
97 343 180 407 regni;
197 350 226 398 et,
242 344 260 391 si
276 345 300 390 in
316 358 381 405 aequo
393 346 446 406 jure
464 351 584 404 utrumque
598 341 690 389 fratrem
704 348 768 403 pater

96 409 233 469 reliquisset,
250 416 353 456 materno
364 417 440 456 tamen
448 423 474 455 se
480 410 533 471 jure
544 415 568 455 et
578 407 639 454 avito
650 403 766 453 vincere.”

97 472 155 520 Hoc
173 474 412 526 certsmenconcordi
431 474 507 520 animo
528 473 556 519 ad
577 479 681 533 patruum
701 484 768 517 suum

96 539 265 600 Artaphernen,
280 539 350 585 veluti
369 540 397 586 ad
416 539 563 587 domesticum
577 538 686 599 judicem,
706 534 769 582 deie-

97 610 168 660 rnnt3
186 604 232 665 qui,
249 604 309 651 domi
324 602 416 665 cogniti
426 601 501 658 causi,
519 602 613 649 Xerxen
626 601 765 664 praeposuitz

97 668 200 728 adeoque
209 666 309 716 fraterna
316 669 432 716 contentio
442 668 492 722 fuit,
503 676 528 715 ut
539 683 581 714 nec
592 668 666 714 victor
673 666 769 714 insulta·

97 734 164 788 verit,
175 748 219 779 neo
228 733 302 780 vienn
310 733 420 791 doluerit;
432 734 526 796 ipsoque
533 733 579 780 litis
590 740 690 795 tempore
700 732 724 778 in
734 731 769 778 vi-
780 767 788 776 ,

96 812 149 845 cem
167 812 261 845 munera
271 798 388 856 miserint3
405 806 429 846 et
441 799 543 861 jucunda
558 812 648 859 quoque
663 798 724 845 inter
735 811 768 850 se,

98 877 146 909 non
158 863 334 918 solnmcrcdnbs
345 864 450 911 convivia
458 864 585 911 habuerint:
595 862 705 925 judicium
711 876 770 922 quo·

98 942 144 987 qne
154 928 228 989 ipsum
243 927 393 985 rinenrbitris,
406 930 455 976 sine
471 928 574 976 convicio
584 927 659 975 inerit
692 926 769 974 Tanto

98 993 237 1040 moderatius
247 1000 295 1040 tum
303 992 383 1041 fratres
391 995 450 1041 inter
460 1009 485 1040 se
496 1009 567 1055 regna
577 992 675 1040 maxima
682 992 769 1039 divite-

97 1056 161 1111 bant,
173 1072 239 1118 quam
251 1072 311 1105 nunc
322 1061 405 1121 exigua
415 1059 548 1121 patrimonia
557 1059 691 1121 partiuntur.
719 1054 769 1119 lgi-

98 1128 138 1169 tur
148 1120 240 1168 Xerxes
250 1123 333 1170 bellum
341 1132 423 1185 apatre
430 1131 530 1185 coeptum
539 1124 646 1170 adversus
655 1122 769 1170 Graeciam

343 1183 770 1249 0

99 1315 198 1363 Xerxen
208 1316 330 1372 exsulabat,
349 1318 442 1365 amicior
451 1319 530 1379 patriae
538 1325 589 1378 post
598 1267 684 1379 ingnio,
701 1268 769 1376 oriam

50 1375 62 1385 ’
99 1383 149 1444 regi
161 1388 213 1443 post
223 1381 337 1437 beneficia,
348 1398 378 1429 ne
388 1383 504 1444 inopinato
514 1382 574 1429 bello
584 1382 770 1444 opprimerentur,

98 1446 177 1494 omnia
200 1447 224 1492 in
246 1446 333 1494 tabellis
357 1447 439 1509 ligneis
461 1447 628 1511 magistratibus
646 1447 770 1508 perscribit,

97 1511 225 1571 eademque
240 1509 291 1559 ceri
306 1511 465 1575 superinducti
479 1513 554 1570 delet3
572 1527 601 1558 ne
612 1519 651 1558 ant
661 1512 771 1573 scriptura

98 1577 150 1624 sine
167 1576 269 1638 tegmine
285 1577 392 1624 indicium
403 1577 474 1631 daret,
490 1586 530 1624 aut
540 1591 619 1623 recens
630 1590 682 1623 oers
692 1575 770 1622 dolum

98 1641 219 1704 proderet:
239 1640 284 1688 fido
294 1642 375 1689 deinde
386 1657 453 1689 servo
466 1641 608 1704 perferendas
619 1641 692 1694 tradit,
704 1642 771 1703 Jnsso

99 1706 270 1768 magistratibus
282 1707 442 1769 Spartanorum
454 1708 548 1755 tradere
576 1705 665 1760 Quibus
672 1706 771 1769 perlatis,

99 1769 268 1819 hoedaemone
274 1772 395 1832 questioni
403 1788 440 1819 rea
447 1772 486 1819 diu
494 1771 544 1827 suit,
553 1772 613 1832 quoti
620 1787 694 1833 neque
700 1773 771 1835 scrip-

99 1843 150 1883 turn
159 1835 243 1896 aliquid
251 1836 359 1893 viderent,
369 1852 411 1884 nee
418 1836 503 1885 frustra
509 1838 590 1885 missas
598 1838 770 1899 suspicarentur,

98 1908 208 1961 tantoque
225 1915 273 1948 rem
292 1902 406 1965 majorem,
422 1910 509 1963 quanto
527 1903 557 1951 sit
572 1903 687 1957 occultior,
706 1911 772 1963 puta·

98 1966 162 2013 bant.
195 1963 343 2014 Haerentibus
359 1967 383 2014 in
402 1967 532 2029 conJecturi
550 1968 611 2023 viris,
630 1982 695 2014 soror
711 1966 772 2028 regis

99 2028 214 2078 Leonidae
228 2031 347 2078 consilium
362 2032 480 2080 scribentis
493 2034 586 2079 invenit
619 2030 693 2080 Erasi
702 2032 773 2092 igitur

99 2092 159 2149 ceri,
170 2094 224 2141 beili
234 2096 328 2143 masilia
342 2097 486 2160 deteguntur.
517 2095 571 2146 Jam
583 2096 675 2143 Xerxes
686 2096 771 2157 septin-

99 2166 173 2222 genta
187 2160 261 2214 millia
273 2160 303 2207 de
316 2176 389 2223 regno
406 2169 540 2220 armaverat,
551 2170 575 2209 et
585 2168 686 2208 trecenta
701 2160 771 2209 millis

97 2225 129 2272 de
146 2224 237 2274 auxiliis
242 2241 250 2281 ς
268 2232 293 2271 ut
305 2241 350 2273 non
361 2228 475 2274 immerito
490 2227 602 2289 proditum
622 2227 658 2282 sit,
677 2224 773 2273 flumina

97 2290 130 2340 ab
146 2291 248 2337 exercitu
267 2291 316 2352 ejus
334 2292 423 2345 siccata,
443 2292 603 2351 Graeciamque
622 2305 712 2338 omnem
731 2291 772 2337 vix

100 2369 183 2416 capere
193 2354 317 2401 exercitum
325 2356 374 2417 ejus
384 2358 492 2417 potuisse.
526 2355 605 2402 Nares
613 2371 702 2417 quoque
709 2355 772 2402 mille

99 2418 424 2468 ducentnanurnerobabuisse
432 2421 519 2468 dicitur.
544 2420 677 2468 Huictnnto
685 2419 772 2482 agmini

57 2506 61 2511 ·
98 2483 148 2531 dux
159 2482 237 2531 detuit.
264 2481 387 2538 Caeterum,
399 2486 418 2532 si
430 2495 609 2548 regemspectes,
617 2486 713 2541 divitias,
724 2496 771 2530 non

100 2549 190 2602 ducem,
206 2548 300 2607 laudes;
318 2565 412 2614 quarum
432 2557 495 2597 tanta
513 2552 577 2613 copia
592 2551 616 2597 in
632 2565 705 2612 regno
722 2549 772 2610 ‹ejm

99 2612 150 2667 fuit,
173 2618 207 2670 ut,
227 2628 279 2662 cum
302 2613 395 2662 flumina
414 2616 558 2664 multitudiue
579 2621 772 2667 consumerentur,
822 2647 826 2656 i

99 2693 155 2741 opes
166 2686 243 2728 tamen
257 2681 329 2746 regia
344 2688 495 2744 superessent.
526 2678 580 2745 ipae
597 2687 672 2728 autem
687 2677 771 2742 primm
