1800 2942
358 370 547 471 rusum

140 589 425 679 HlSTORIARUM
445 584 770 649 PHILIPPICARUM

184 769 292 819 LIBER
308 764 500 818 VICESIMUS
522 762 719 814 SECUNDUS.

154 1046 176 1095 Ῑ.
192 1045 363 1098 Annnnocus,
379 1043 463 1091 Sioiliae
473 1050 590 1107 tymnnus,
600 1043 638 1104 qui
649 1043 788 1106 magnitudi-

120 1114 146 1162 ni
156 1112 237 1176 prioris
247 1109 356 1170 Dionysii
368 1110 482 1163 suecessit,
495 1108 523 1155 nd
533 1109 599 1170 regni
611 1108 752 1170 majestatem
759 1123 789 1156 ex

121 1177 201 1226 humili
211 1183 236 1224 et
246 1175 336 1222 sordido
346 1188 431 1236 genere
440 1173 549 1235 pervenit
579 1170 669 1234 Quippe
680 1173 703 1220 in
713 1172 790 1221 Sicilii

120 1250 185 1306 pstre
195 1241 267 1304 figulo
274 1250 347 1293 natus,
364 1254 410 1286 non
421 1238 572 1285 honestiorem
581 1238 706 1299 pueritiam,
720 1254 788 1299 quem

121 1307 231 1372 principis
241 1306 335 1367 originis
346 1303 436 1349 habuit:
457 1302 574 1363 siquidem,
590 1300 663 1349 formis
673 1310 697 1348 et
707 1319 789 1366 corpo-

122 1374 154 1420 ris
164 1370 329 1434 pulchritudine
339 1368 452 1430 egregius,
470 1367 508 1413 diu
519 1367 589 1413 vitam
600 1368 669 1429 stupri
681 1366 790 1429 potientii

122 1436 230 1484 exhibuit.
262 1434 344 1481 Annos
359 1432 439 1479 deiude
454 1432 577 1494 pubertatis
592 1446 704 1494 egressus,
716 1433 789 1480 libidi-

123 1517 176 1550 nem
188 1516 201 1548 s
211 1499 266 1546 viris
282 1499 310 1546 sd
325 1497 421 1544 feminas
431 1497 553 1544 transtulit
585 1495 643 1543 Post
653 1497 710 1552 haec,
730 1498 789 1561 apud

122 1573 244 1626 utrumque
254 1578 333 1611 sexum
344 1561 451 1615 fumosus,
463 1562 534 1608 vitum
547 1560 671 1608 latrociniis
686 1565 790 1612 mutavit

125 1628 249 1692 Interjoeto
261 1635 369 1689 tempore,
379 1642 430 1673 cum
444 1626 567 1687 Syracusas
578 1627 734 1684 concessisset,
749 1628 791 1676 sd·

124 1695 238 1753 scitusque
246 1693 270 1741 in
280 1693 394 1739 civitatem
402 1693 462 1738 inter
469 1691 555 1738 incolas
563 1698 629 1744 esset,
640 1691 679 1738 diu
688 1693 738 1740 siue
745 1692 790 1741 fide
892 1678 893 1747 i

123 1758 184 1814 fuit3
200 1757 306 1818 quonism
325 1758 403 1802 necin
417 1756 514 1803 fortunis
529 1756 590 1817 quod
608 1757 727 1813 amitteret,
748 1773 790 1806 nee
892 1758 893 1791 t

123 1824 148 1870 in
158 1817 294 1871 verecundii
304 1821 364 1880 quod
374 1820 507 1881 inquinaret,
519 1821 600 1867 hebere
614 1821 745 1869 videbatur:
764 1825 789 1869 in

124 1883 219 1941 summi,
230 1885 356 1948 gregatim
367 1885 470 1932 militium
478 1886 577 1940 sortitus,
590 1899 636 1933 non
647 1886 723 1933 minus
734 1893 790 1934 tuno

124 1948 236 2006 seditiosi,
257 1963 324 2011 quam
341 1957 407 1996 untes
422 1951 482 2012 turpi
497 1947 550 2006 viti,
573 1950 596 1996 in
613 1965 681 1997 omne
702 1950 791 2000 fucinus

123 2016 289 2080 promtissimus
297 2019 357 2060 erat:
371 2028 424 2061 nam
436 2023 533 2062 etmunu
541 2020 653 2070 strenuus,
665 2023 688 2062 et
699 2016 722 2063 iu
733 2032 790 2065 eon·

124 2082 227 2130 eiomiur
236 2079 524 2143 periucundushsbebstur.
555 2078 626 2126 Brevi
641 2080 718 2141 inque
735 2097 791 2130 oen·
892 2054 893 2129 i

124 2147 192 2202 turio,
203 2161 230 2193 se
240 2146 345 2207 deinceps
355 2145 458 2192 tribunus
468 2145 564 2192 militum
572 2143 646 2191 factus
656 2152 698 2191 est.
711 2144 790 2195 Primo

123 2211 183 2258 bello
199 2210 306 2257 siversus
322 2209 428 2261 AEtnaesos
438 2224 462 2256 m
531 2210 685 2271 experimento
696 2212 730 2258 sui
743 2212 790 2273 Sy·
892 2208 893 2273 ᾗ

122 2275 238 2321 neumis
247 2274 316 2321 dedit.
347 2273 456 2334 Sequenti
463 2225 640 2336 fflpuuorum,
658 2280 745 2323 tantm
762 2276 791 2324 de
892 2282 893 2285 ’

124 2353 150 2386 se
166 2352 229 2400 rpem
245 2340 349 2386 omnibus
363 2337 424 2395 fecit,
440 2345 467 2386 ut
476 2340 500 2385 in
510 2340 586 2386 locum
597 2339 709 2387 demortui
725 2339 791 2389 ducis

126 2401 621 2466 Demueonisnrffieeretur30uJusuxorem,
629 2404 789 2453 stultertoco-
892 2438 893 2455 i

125 2467 221 2526 gnitsm,
242 2472 407 2526 postmortem
423 2468 468 2514 viri
483 2469 507 2515 in
518 2468 685 2516 matrimonium
696 2472 789 2532 recepit.
892 2478 893 2481 ’

125 2528 177 2577 Nee
187 2535 315 2585 contentus,
331 2531 391 2590 quod
408 2546 438 2578 ex
449 2533 518 2594 inope
532 2539 626 2594 repente
640 2532 705 2582 dives
714 2531 790 2583 suetus

124 2601 191 2650 esset,
199 2593 313 2656 pirstiosm
321 2593 428 2642 adversus
438 2597 532 2658 patriam
543 2597 652 2646 exercuit.
685 2597 758 2646 Saluti
769 2602 792 2650 ei
