1800 2942
234 150 372 204 JUSTINI
389 152 442 202 Lm.
454 152 489 201 ΙΙ.
505 151 613 203 (lunii.
710 155 755 201 171

87 282 165 333 statim
176 297 239 331 arma
249 283 348 346 capiunt,
364 289 388 346 et
401 284 502 331 sexcenti
513 283 556 331 riri
566 288 639 330 castra
649 281 761 343 quingena

88 357 165 397 torum
182 348 278 396 millium
294 348 422 410 irrumpunt
427 366 437 406 l
454 350 574 409 statimque
596 348 657 409 regis
677 354 760 407 praeto-

89 414 149 461 rium
160 420 247 476 petunt,
260 421 300 461 ant
314 428 366 461 cum
374 414 420 470 illo,
432 414 451 460 si
462 414 505 476 ipsi
516 413 616 477 oppressi
627 417 710 465 essent,
721 418 761 457 aut

88 479 112 526 in
120 479 192 541 ipsius
202 478 344 541 potissimum
360 479 420 532 sede,
432 479 543 526 morituri.
574 476 696 525 Tumultus
707 476 762 523 totis

88 544 170 592 eastris
185 545 265 591 oritur.
296 543 407 606 Spartani,
421 551 567 606 posteaquam
578 558 657 606 regem
668 556 714 587 non
725 541 761 586 in·

87 609 239 672 veniuntper
250 610 406 656 omniaesstrs
412 610 511 656 victores
518 616 647 671 vagantum
664 605 762 660 caedunt,

88 681 240 736 sternuntque
250 674 333 728 omnia,
349 675 421 735 utqui
432 674 505 721 sciam
517 690 542 721 se
552 689 654 735 pugnare
664 686 711 719 non
722 685 763 733 spe

89 739 201 795 victorine,
217 740 291 787 sedin
302 739 382 790 mortis
398 739 515 787 ultionem.
548 738 658 786 Prtelium
671 752 685 784 a
699 737 763 799 prin·

89 805 150 867 cipio
166 805 240 852 noctis
258 804 285 851 in
299 805 407 867 majorem
422 813 509 867 partem
527 804 571 851 diei
587 810 692 850 tinctum.
723 800 763 848 Ad

89 877 239 933 postremum,
257 884 303 916 non
325 870 386 925 victi,
404 870 444 917 sed
463 870 576 917 vincendo
592 868 687 930 fstignti,
704 867 764 915 inter

89 936 198 996 ingentes
223 941 344 982 stratorum
371 935 470 983 bostium
494 942 596 983 catervas
624 934 763 981 occiderunt.

90 999 190 1057 Xerxes,
203 1000 289 1047 duobus
299 1000 428 1047 vulneribus
444 1001 545 1048 terrestri
560 999 642 1063 proelio
657 998 763 1061 acceptis,

91 1079 188 1177 exiiii!
200 1080 256 1179 1331
257 1065 503 1178 ssiiliiiiriznniiirintudix
519 1129 693 1186 'lbmnistoeles
711 1142 764 1175 curn

90 1194 287 1243 animadvertisset
299 1193 374 1249 Ionas,
383 1203 475 1257 propter
485 1210 543 1256 quos
550 1195 633 1241 bellum
643 1193 764 1242 Persarum

91 1267 244 1323 susceperant,
255 1261 279 1308 in
290 1260 398 1308 auxilium
409 1261 471 1323 regis
481 1260 553 1307 classe
567 1259 663 1311 venisse,
681 1258 765 1306 sollici-

91 1332 142 1373 tsre
156 1341 197 1374 eos
210 1326 233 1372 in
244 1333 320 1389 psrtes
337 1340 390 1373 suas
404 1327 497 1373 statuit:
517 1332 546 1379 et,
559 1339 611 1371 curn
622 1323 765 1385 colloquendi

91 1393 181 1453 sopiam
193 1406 239 1438 nnn
250 1392 349 1448 baberet,
362 1406 407 1452 qun
421 1390 546 1453 applicituri
563 1396 635 1444 erant,
650 1388 765 1449 symbolos

90 1457 194 1521 proponi,
207 1466 231 1504 et
241 1458 301 1504 saxis
308 1456 416 1519 proscribi
427 1463 506 1504 curat:
527 1463 542 1486 ‘⁶
554 1454 614 1510 onae
626 1469 675 1507 vos,
688 1451 764 1509 Iones,

91 1523 207 1572 dementis
224 1522 305 1569 tenet?
321 1522 381 1584 quod
395 1521 484 1569 sasinus
506 1519 614 1584 agitatis?
629 1519 713 1566 bellum
728 1519 764 1564 in·

88 1588 151 1636 ferre
169 1587 223 1634 olim
234 1587 386 1635 conditoribus
396 1586 484 1642 vestris,
503 1600 575 1649 nuper
590 1585 658 1633 etiam
671 1583 766 1631 vindiei-

89 1653 140 1708 bus,
161 1651 286 1714 cogitatis?
319 1653 358 1699 An
369 1652 420 1702 ideo
431 1652 517 1699 moenis
527 1657 603 1697 vestra
617 1649 765 1704 condidimus,

92 1725 120 1766 ut
135 1726 213 1765 essent
227 1718 266 1779 qui
280 1724 358 1764 nostra
368 1716 484 1765 delerent?
497 1719 500 1724 ’
517 1716 579 1772 Quid
590 1716 609 1763 si
621 1730 669 1763 non
676 1716 726 1762 baec
741 1720 767 1762 et

92 1782 168 1831 Dario
182 1782 253 1844 prius,
273 1790 297 1830 et
312 1796 373 1829 nune
391 1781 474 1836 Xerxi,
495 1783 548 1829 belli
566 1796 634 1829 esusa
647 1781 765 1828 nobiscum

13 1902 18 1912 ,
90 1848 158 1902 foret,
173 1848 235 1909 quod
245 1863 287 1895 vos
298 1848 430 1895 rebellantes
445 1862 492 1895 non
510 1845 668 1895 destituimus?
701 1845 766 1900 Quin

91 1928 136 1964 vos
146 1914 171 1960 in
181 1913 232 1960 haee
247 1920 326 1961 nostru
336 1919 409 1961 castra
422 1928 453 1960 ex
467 1911 511 1960 isti
521 1914 637 1961 obsidione
647 1909 767 1958 transitis?

92 1978 144 2028 Aut
152 1978 171 2026 si
182 1978 226 2025 hoe
233 1992 311 2040 parurn
323 1986 397 2026 tutum
405 1986 446 2034 est,
459 1986 482 2025 st
489 1994 538 2034 vos,
546 1978 667 2025 summisso
678 1975 767 2038 proello,

92 2044 126 2091 ite
145 2044 242 2100 cessim3
263 2044 362 2091 inhibete
380 2045 455 2098 remis,
475 2052 498 2092 et
517 2059 531 2091 a
551 2044 610 2090 bello
633 2038 765 2088 discedite‘'

92 2110 159 2158 Ante
178 2107 264 2157 navalis
275 2109 348 2171 proelii
366 2110 551 2170 congressionem
567 2108 660 2154 miserat
675 2104 766 2152 Xerxes

93 2181 193 2235 quatuor
214 2172 284 2221 millia
306 2181 443 2222 armatorum
466 2173 579 2235 dehos,
601 2172 629 2219 ad
655 2170 766 2233 templum

93 2238 209 2303 Apollinis
235 2238 397 2301 diripiendum
425 2255 524 2302 prorsus,
553 2238 616 2299 quasi
638 2251 684 2283 non
713 2251 767 2283 oum

95 2304 187 2353 Graecis
197 2311 293 2358 tantum,
306 2304 346 2352 sed
359 2312 382 2351 et
399 2320 451 2352 cum
464 2303 518 2350 Diis
533 2302 702 2354 immortalibus,
717 2300 766 2347 bel-

93 2370 142 2417 lum
153 2375 260 2433 gereret:
278 2384 331 2431 quae
341 2385 421 2417 manus
432 2377 481 2416 tota
490 2369 597 2415 imbribus
605 2375 629 2415 et
635 2366 766 2413 fulminibus

94 2435 170 2483 deleta
184 2441 226 2490 est,
244 2441 270 2481 ut
279 2434 422 2498 intelligeret
443 2449 511 2495 quam
522 2434 591 2481 nullae
605 2440 681 2479 essent
692 2431 766 2478 borni·

94 2516 150 2547 num
161 2499 270 2547 adversus
287 2498 353 2547 Deos
368 2501 435 2547 vires
469 2498 528 2546 Post
546 2500 595 2545 haec
611 2497 728 2558 Thespias,
743 2501 768 2542 et

93 2563 201 2618 Pluton,
221 2573 245 2613 et
266 2565 375 2620 Athenas,
395 2579 478 2613 vacuas
497 2564 631 2615 bominibus,
650 2561 767 2614 incendit;

93 2638 126 2690 et,
138 2630 245 2695 quoniam
256 2629 317 2679 ferro
327 2631 351 2679 in
361 2630 465 2678 homines
475 2645 521 2677 non
532 2636 627 2693 poterat,
638 2628 662 2674 in
674 2624 768 2672 aedificis
