1800 2942
251 135 388 225 lusum
404 135 492 187 Lat
510 136 570 190 Car.
582 142 606 186 8.
715 142 762 188 153

91 282 202 318 mamea
212 277 281 328 zunt3
299 273 323 316 in
333 269 379 332 qud
389 270 432 317 etsi
443 283 490 316 non
501 270 586 331 regiam
594 267 674 326 vitam,
684 269 762 331 proxi·

89 349 153 385 mam
165 343 242 381 tamen
253 336 364 398 majestati
374 334 445 397 regiae
457 335 557 396 degeret.
594 332 655 380 Haec
663 335 762 381 clemen·

91 401 124 447 tia
135 414 183 447 uon
194 401 269 447 minua
279 400 359 447 victori
376 413 444 461 quam
459 399 521 446 victo
533 399 593 445 utilia
603 398 654 446 fuit.
687 397 761 461 Quip-

89 480 120 526 pe
131 479 162 511 ex
173 463 279 512 universi
290 463 388 518 Graecia
404 464 498 525 cognito
508 464 570 524 quod
580 464 666 512 illatum
679 461 762 511 Croeao

89 529 177 577 bellum
188 537 255 584 eruet,
266 529 356 584 auxilia,
369 529 431 576 velut
442 530 471 575 ad
484 544 604 576 commuue
614 529 762 591 exstinguen-

90 594 146 641 dum
166 594 305 652 inoendium,
322 593 474 643 confluebant.
506 593 596 641 Tantus
612 593 688 643 Croesi
698 608 763 641 amor

90 659 151 721 apud
167 674 247 705 omnes
265 659 331 707 urbes
349 666 411 706 erat:
429 673 581 722 passurasque
594 657 671 720 Cyrae
687 650 783 721 grave*

89 724 175 771 bellum
195 724 294 772 Graeciae
308 724 358 779 tuit,
381 725 401 771 ai
420 724 475 785 quid
492 725 516 771 iu
532 722 638 773 Croerum
650 724 762 771 emdeliua

90 789 250 837 consuluisset.
283 786 406 852 InterJeeto
424 789 507 836 deinde
517 790 635 852 tempore,
651 795 761 851 occupato

90 854 115 900 ia
125 853 177 900 aliis
186 854 251 901 bellis
263 851 333 915 Cyro,
347 853 408 916 Lydi
419 851 568 902 rebellavirer
588 855 668 916 quibus
678 855 761 901 iterum

89 918 158 965 vietis
168 933 232 966 arma
241 926 265 967 et
273 920 325 980 equi
335 920 433 979 ademti3
445 920 549 982 justique
559 919 680 981 cauponiaa
690 926 714 966 et
724 919 761 966 lu·

90 983 164 1030 dieras
179 990 245 1039 artea,
262 992 286 1031 et
300 985 411 1034 lenocinia
421 1000 535 1033 exercere.
561 983 595 1032 Et
606 985 713 1048 ringens,
724 984 760 1051 ius

90 1046 179 1095 dustrid
194 1050 307 1109 quondam
320 1060 407 1113 potens,
427 1059 537 1098 et'manu
557 1058 654 1106 strenua,
674 1048 760 1097 effemi-

89 1120 143 1160 nata
158 1114 255 1173 mpllitie
271 1114 411 1178 luxuriaque,
433 1116 541 1163 virtutem
553 1115 669 1177 pristinam
685 1114 760 1176 perdi·

89 1177 137 1235 dit3
155 1184 179 1224 et
196 1194 254 1239 quoa
263 1188 317 1227 aute
328 1178 416 1241 Cyrum
427 1181 524 1227 invictos
534 1179 593 1226 bella
602 1179 760 1241 praestiterant,

88 1242 113 1288 iu
124 1243 238 1290 luxuriam
248 1244 323 1307 lapsos
334 1246 405 1292 otium
417 1259 444 1292 ac
455 1245 539 1291 desidia
546 1244 665 1306 superavit.
686 1241 760 1291 Fuere

89 1304 165 1368 Lydis
177 1308 242 1356 multi
253 1317 306 1356 ante
317 1309 424 1359 Croerum
436 1324 510 1372 reget,
527 1308 595 1355 variis
612 1308 700 1369 cpaibua
711 1323 760 1356 me·

88 1372 224 1430 morabilea3
242 1374 317 1421 nullus
333 1383 408 1422 tamen
426 1374 526 1421 fortuuae
544 1371 654 1421 Candauli
669 1384 760 1435 compt-

88 1438 182 1484 ruudua.
215 1437 264 1485 Hie
274 1454 375 1494 urrerem,
391 1454 459 1501 quam
470 1445 561 1502 propter
571 1436 651 1484 iormae
661 1436 759 1500 pulchri-

88 1502 190 1549 tudinem
208 1502 328 1564 deperibat,
344 1505 468 1567 praedicare
482 1503 587 1550 omnibus
602 1502 694 1557 uolebat,
713 1517 760 1550 nou

87 1574 210 1615 cantentur
221 1568 361 1631 voluptatum
368 1583 463 1616 ‘suarum
480 1566 551 1615 taciti
560 1565 704 1622 conscientid,
716 1567 759 1614 nisi

87 1632 157 1679 etiam
169 1633 306 1682 matrimonii
318 1634 431 1681 reticenda
441 1633 579 1697 publicarem
597 1648 689 1696 promae
696 1633 759 1694 quari

88 1696 206 1745 edentium
217 1699 323 1746 darnuum
337 1699 509 1761 pulchritudiuis
519 1706 586 1746 erret.
617 1698 657 1746 Ad
669 1698 771 1760 postre-¹

87 1777 159 1818 mum,
172 1771 198 1811 ut
206 1764 348 1812 affirmationi
359 1780 407 1812 ruae
418 1764 486 1810 iidem
496 1762 587 1820 faceret,
598 1764 681 1810 nudam
692 1764 758 1812 auda·

87 1827 104 1874 li
125 1842 168 1876 auo
184 1829 249 1892 Gygi
265 1830 370 1877 ostendit.
404 1828 458 1884 Quo
479 1828 546 1885 facto,
566 1836 590 1876 et
608 1829 712 1885 amicum,
733 1830 758 1876 in

86 1892 223 1940 adulterium
245 1895 322 1942 uxoria
344 1894 496 1951 sollicitatum,
519 1896 607 1941 hortem
626 1894 667 1941 eibi
688 1893 756 1950 iecit3

87 1966 111 2003 et
122 1972 225 2013 uxorem,
239 1961 309 2007 veluti
323 1960 404 2006 tradito
421 1960 459 2006 alii
475 1975 558 2014 amore,
577 1974 591 2006 a
606 1974 630 2006 ae
645 1957 757 2005 alienavit.

86 2019 197 2084 Namque
210 2024 271 2071 brevi
287 2033 340 2086 post
349 2035 451 2087 tempore
462 2025 536 2072 caedes
548 2021 657 2073 Candauli
668 2023 757 2084 nuptia·

86 2101 138 2134 rum
149 2089 269 2150 praemium
279 2088 336 2146 fuit3
354 2096 377 2136 et
388 2105 452 2146 uxor,
469 2089 543 2136 mariti
555 2089 665 2149 sunguine
674 2087 757 2145 dotata,

86 2165 185 2214 reguum
197 2153 239 2199 riri
251 2160 274 2199 et
285 2169 309 2200 ae
320 2156 402 2215 pariter
412 2155 514 2202 adultero
523 2152 621 2200 tradidit.

119 2214 194 2264 Vlll.
213 2216 296 2277 Cyrus,
316 2218 408 2267 subacti
418 2217 482 2275 Asia.
502 2225 525 2265 et
535 2217 641 2264 universo
661 2216 757 2266 Oriente

84 2280 109 2327 in
120 2289 256 2343 potestatem
268 2284 364 2340 redacto,
384 2284 476 2345 Scythia
492 2283 575 2329 bellum
591 2281 666 2329 infert.
682 2318 687 2327 .
699 2281 758 2330 Erat

84 2360 114 2392 eo
131 2354 234 2408 tempore
251 2344 385 2409 Scythrirum
403 2349 483 2411 regina
493 2346 608 2409 Tomyris,
630 2363 688 2408 quae,
709 2363 756 2394 uon

83 2410 224 2457 muliebriter
239 2412 339 2460 adventu
355 2414 454 2460 hostium
471 2414 555 2467 territa,
575 2427 627 2458 cum
638 2412 756 2473 prohibere

83 2489 126 2521 eoa
136 2477 233 2523 transitu
244 2477 327 2524 Araxis
338 2476 437 2525 fluminis
447 2484 531 2541 posset,
543 2478 637 2524 transire
645 2477 755 2539 permisit,

83 2547 108 2586 et
125 2540 167 2586 eibi
182 2540 305 2589 faciliorem
321 2558 421 2605 pugnam
437 2543 497 2589 iutra
512 2543 577 2605 regni
594 2542 627 2588 sui
645 2540 755 2588 terminon

84 2610 141 2658 rata,
154 2612 178 2651 et
189 2606 291 2654 hostibus
301 2607 389 2670 objectu
399 2606 500 2654 fluminis
510 2606 587 2668 sugam
599 2605 755 2652 difficiliorem.

82 2665 167 2732 ltaque
184 2668 269 2734 Cyrae,
285 2673 384 2737 trajectis
400 2673 480 2736 copiis,
496 2686 549 2720 euru
560 2669 718 2732 aliquantisper
729 2667 754 2716 iu
