1800 2942
251 178 388 231 Jus'rttu
405 179 486 230 Lat.
505 162 610 231 crees
715 184 760 231 151

92 312 210 360 ultionem
224 313 306 359 servati
317 313 413 375 nepotis,
429 311 499 358 lilium
512 312 561 374 ejus
571 308 689 364 interiecit,
706 326 761 372 epu-

92 377 232 437 landumque
250 377 307 438 patri
324 378 422 424 tradidit.
456 376 502 424 Sed
521 375 651 437 Harpagus,
663 375 691 422 ad
702 391 762 436 prae·

94 457 149 489 sens
161 449 250 504 tempus
261 442 400 488 dissimulato
411 442 495 496 dolore,
515 441 591 488 odium
602 441 664 502 regis
675 441 698 486 in
709 441 762 486 vin·

94 507 164 554 dictae
181 507 323 553 occasionem
335 506 428 554 distulit.
461 504 584 569 InterJecto
603 505 684 552 deinde
702 511 761 551 tem·

93 587 156 634 pore,
168 586 221 618 cum
232 570 366 619 adolevisset
378 571 463 633 Cyrus,
480 571 557 618 dolore
568 570 669 618 orbitatis
680 570 761 616 admo·
778 626 783 632 Β

93 636 164 690 nitus,
176 637 253 682 scribit
263 638 290 692 ei,
302 644 328 682 ut
338 637 455 698 ablegatus
463 637 486 682 in
497 635 579 683 Persas
586 635 614 681 ab
624 651 667 682 avo
677 634 761 692 fuerit3
784 641 786 644 ’

93 708 120 748 ut
131 701 205 748 occidi
216 715 268 746 eum
282 701 400 763 parvulum
417 717 474 748 avus
486 701 593 764 Jusserit3
612 706 637 746 ut
654 699 763 747 beneficio

93 782 135 814 suo
158 773 262 812 servatus
284 767 327 824 sit3
352 773 377 813 ut
397 781 475 828 regem
496 766 628 823 offenderit3
646 773 671 811 ut
691 764 762 812 lilium

93 831 203 878 amiserit.
235 829 356 888 Hortatur,
373 832 497 878 exercitum
508 837 577 893 paret,
594 836 618 877 et
628 844 721 891 pronam
733 829 762 877 ad

94 910 192 957 regnum
214 896 274 942 viam
295 896 442 958 ingrediatur,
465 894 587 943 Medorum
606 895 761 941 transitionem

92 960 215 1023 pollicitus.
247 960 351 1023 Epistola
363 962 426 1024 (quia
433 961 506 1023 palam
516 960 569 1007 ferri
578 961 688 1021 nequibat,
700 961 763 1022 regis

94 1025 227 1072 custodibus
248 1041 327 1072 omnes
348 1027 422 1073 aditus
444 1023 607 1084 obsidentibus)
630 1031 762 1072 exenterato

92 1090 166 1152 lepori
180 1090 302 1147 inseritur;
317 1090 434 1154 lepusque,
444 1091 468 1136 in
481 1089 563 1138 Persas
575 1087 638 1150 Cyro
648 1088 761 1145 serendus,

92 1153 139 1201 fido
150 1170 218 1201 servo
228 1155 337 1203 traditur:
356 1155 431 1203 addita
441 1155 503 1211 retia,
520 1162 546 1201 ut
556 1155 597 1201 sub
608 1155 681 1216 specie
691 1169 762 1202 vena·

92 1220 161 1266 tionis
172 1219 237 1266 dolus
247 1221 333 1268 lateret.

129 1282 174 1331 VI.
192 1284 270 1332 Lectis
287 1286 325 1332 ille
343 1285 451 1348 epistolis,
468 1285 546 1332 eadem
565 1283 653 1331 somnio
667 1284 761 1346 aggredi

89 1350 170 1412 jussus
181 1357 230 1406 est;
243 1351 282 1396 sed
292 1351 447 1412 praemonitus,
459 1357 491 1405 ut,
502 1364 569 1410 quem
577 1350 673 1410 primum
683 1356 760 1410 poste·

94 1413 120 1461 rai
139 1414 176 1461 die
192 1415 284 1461 obvium
304 1416 423 1475 habuisset,
440 1415 527 1462 socium
538 1414 618 1477 coeptis
630 1422 760 1461 assumeret.

93 1477 170 1540 Igitur
180 1480 313 1527 antelucano
319 1488 420 1542 tempore
431 1480 477 1526 ruri
488 1480 531 1526 iter
540 1481 663 1540 ingressus,
670 1478 761 1525 obvium

92 1545 172 1590 babuit
188 1559 278 1590 servum
289 1545 317 1592 de
327 1546 441 1607 ergastulo
452 1544 568 1607 cujusdam
579 1543 651 1597 Medi,
669 1544 761 1590 nomine
841 1587 844 1591 .

94 1608 204 1670 Sybaren.
238 1608 316 1671 Hujus
342 1608 448 1671 requisiti
469 1610 563 1672 origine,
590 1608 660 1656 utin
684 1606 761 1655 Persis

93 1674 198 1736 genitam
220 1675 311 1739 audivit,
334 1675 415 1722 demtis
436 1675 588 1737 compedibus,
616 1681 762 1734 assumtoque

92 1739 184 1793 comite,
206 1738 338 1801 Persepoliu
355 1741 488 1802 regreditur.
521 1737 556 1787 Ibi
575 1746 699 1787 convocato
717 1754 760 1801 po·

91 1803 154 1864 pulo,
169 1804 236 1866 jubet
251 1820 330 1852 omnes
347 1813 430 1867 praesto
448 1820 500 1852 cum
512 1805 626 1852 securibus
636 1805 760 1860 adesseet

92 1869 175 1925 silvam
184 1868 227 1916 viae
235 1871 393 1917 circumdatam
405 1871 515 1917 excidere.
533 1869 602 1925 Quod
608 1886 659 1917 curn
668 1879 761 1919 strenue

91 1932 207 1988 fecissent,
219 1935 309 1981 eosdem
317 1934 408 1997 posteri
416 1936 453 1982 die
460 1937 570 1997 apparatis
581 1936 652 1997 epulis
662 1935 757 1980 invitat:

92 1997 181 2054 deinde,
204 2014 257 2045 cum
273 2000 392 2047 alacriores
407 2001 458 2062 ipso
468 2001 573 2048 convivio
583 1998 656 2047 iactos
666 1999 759 2054 videret,

92 2070 169 2124 rogat,
191 2065 211 2110 si
230 2065 328 2112 conditio
345 2072 488 2127 proponatur,
511 2067 583 2112 utrius
601 2065 656 2112 vitae
675 2069 758 2110 sortem
793 2112 796 2124 p

160 2136 176 2183 t,
195 2129 294 2175 hesterni
312 2131 400 2184 laboris,
416 2145 445 2177 an
462 2131 608 2192 praesentium
627 2127 759 2190 epularum?

90 2197 106 2222 ⁴¹
141 2193 297 2248 rassentium,'’
314 2202 340 2242 ut
350 2193 503 2243 acclamavere
514 2210 607 2252 omnea3
624 2194 661 2249 ait,
680 2198 695 2222 “
706 2194 759 2257 hes·
779 2238 781 2241 ,

91 2264 159 2304 terno
176 2258 273 2305 similem
288 2259 357 2307 labori
375 2275 467 2307 omnem
484 2261 554 2306 vitam
575 2266 671 2314 acturos,
685 2258 760 2320 quoad

90 2320 170 2369 Medis
181 2329 287 2384 pareant3
306 2340 330 2371 se
341 2332 438 2380 secutos,
448 2324 563 2372 hodiernis
573 2322 670 2386 epulis.'’
702 2322 758 2370 Lae·

90 2387 122 2434 tis
133 2389 244 2444 omnibus,
261 2388 338 2436 Medis
348 2390 430 2437 bellurn
441 2389 517 2437 infert.
549 2393 673 2451 Astyages,
685 2389 759 2436 meriti

89 2450 125 2499 sui
137 2452 161 2498 in
173 2451 409 2517 Humagum-oblitus,
426 2469 538 2502 summam
548 2455 600 2503 belli
611 2454 683 2502 eidem
694 2464 766 2499 com··‘
820 2501 824 2507 ,

90 2517 175 2565 mittit:
195 2519 234 2579 qui
255 2521 380 2567 exercitum
401 2527 519 2584 acceptum
536 2521 613 2567 statim
635 2517 698 2579 Cyro
717 2531 759 2577 per

87 2582 241 2645 proditionem
259 2584 357 2643 tradidit,
374 2585 481 2648 regisque
495 2585 648 2633 crudelitatem
666 2577 759 2645 perfidii

90 2645 226 2695 desectionis
245 2648 367 2698 ulciscitur.
400 2650 471 2705 Quod
483 2651 520 2698 ubi
537 2650 653 2709 Astyages
664 2643 758 2698 audivit,

88 2712 213 2793 contractis
230 2714 329 2780 undique
341 2715 437 2777 tumbis,
448 2716 531 2781 ipsein
543 2713 625 2764 Persas
635 2705 756 2774 proficisci·
775 2706 778 2711 ’
