1800 2942
133 134 180 179 loo
286 130 315 179 L
328 128 644 180 PHILIPPI'ORATIo

131 259 178 314 sud,
190 267 229 308 sut
240 275 335 322 quorum
346 261 438 308 simulet
453 257 541 325 injurii,
554 262 598 308 sed·
603 260 680 324 legum
692 260 720 308 dc
731 261 805 311 libere

130 326 185 372 tutis
194 326 361 373 subvortuudae.

164 390 266 452 Angitur
275 392 336 438 euim
351 406 377 437 sc
393 390 505 438 laceratur
515 390 583 437 animi
593 391 703 452 cupidine,
721 397 746 437 et
756 406 807 438 uo-⁴

130 470 211 503 xsrum
222 463 290 511 metu,
308 471 388 517 expers
399 455 493 509 consilii,
504 456 592 516 inquies
598 472 606 512 ;
622 456 752 517 bec-utque
761 456 803 504 ills

131 528 230 577 tentans,
253 522 334 568 metuit
359 521 437 575 otium,
460 521 508 566 odit
529 520 626 577 bellum;
654 520 710 567 luxu
732 522 809 582 atque

130 584 221 632 licentii
231 586 351 632 carendum
362 586 430 638 videt,
441 592 508 645 atque
518 585 607 632 interim
616 586 714 632 abutitur
724 585 808 633 vestri·

132 648 241 697 recordib
274 650 357 711 Neque
378 650 433 696 mibi
456 651 510 696 sutis
531 651 624 704 consilii,
651 658 746 704 metum,
770 666 806 698 sn·

131 715 252 776 ignaviam,
281 730 310 767 su
327 716 463 762 dementiam
484 730 534 762 eam
559 715 684 778 appellem
702 717 741 776 qui
763 717 801 766 vi·

133 779 216 825 demini
227 780 314 826 intenta
325 780 389 833 mata,
406 780 470 840 qussi
480 779 572 833 subires,
596 789 680 842 optare,
700 795 726 827 se
737 781 801 841 quis-

133 859 177 904 que
194 859 223 889 ne
242 845 354 906 ottingun
372 844 411 891 sed
427 845 545 905 probibere
559 859 588 890 ue
607 846 684 891 contri
700 846 807 907 quidem.'

132 907 172 960 Et,
181 923 268 968 quaeso,
276 910 421 963 considerate,
434 924 502 969 quam
516 924 627 955 convorsa
634 925 709 955 rerum
720 918 802 958 namra

132 974 169 1020 sit.
202 973 278 1020 Antea
293 974 377 1020 mulum
392 975 506 1036 pubiicum
522 974 616 1028 occulte,
633 974 808 1037 auxiliapulum·

132 1039 314 1101 instruebantur5
331 1046 355 1084 et
373 1054 401 1085 eo
417 1040 471 1085 boni
490 1039 561 1086 maios
579 1038 645 1085 focile
663 1040 780 1087 anteibunt
790 1042 820 1098 ς*

132 1117 193 1150 nuuc
204 1118 255 1164 pst,
276 1104 395 1150 concordia
405 1104 557 1150 disturbantur
568 1103 641 1165 patrm
647 1121 655 1161 ;
671 1104 808 1152 defeudum=

132 1175 170 1214 tur
181 1168 275 1215 occulte.
309 1167 398 1222 Quibus
407 1169 446 1215 illa
457 1169 552 1229 placent,
560 1169 588 1214 in
595 1170 664 1215 armis
675 1177 742 1218 sunt:
757 1186 809 1218 vos*

132 1233 156 1279 iu
173 1240 242 1280 metu.
275 1232 338 1288 Quid
355 1233 509 1296 exspectatis?
526 1234 570 1280 nisi
587 1232 646 1280 forte
667 1234 738 1295 pudet
761 1244 801 1283 sut

131 1298 195 1361 piget
205 1298 366 1347 terrefacere.»
388 1300 428 1345 Au
442 1297 524 1360 Lepidi
533 1299 639 1345 msudsta
649 1299 738 1346 uuimos
749 1315 808 1348 mo-·

132 1363 204 1410 ient?
221 1365 258 1424 qui
275 1365 364 1426 placere
382 1366 419 1416 sit,
439 1379 480 1410 rus
495 1364 576 1424 cuique
591 1364 669 1421 reddi;
686 1371 710 1411 et
727 1365 801 1413 ulieus

132 1435 210 1475 teneti
229 1429 279 1475 belli
292 1431 345 1491 jura
364 1429 474 1485 rescindi3
492 1428 610 1489 cumipse
626 1429 694 1475 armis
712 1439 807 1492 rogote*

132 1494 246 1541 civitatem
258 1494 391 1550 confirmari,
410 1494 491 1554 quibus
507 1493 618 1540 ademtam
640 1499 723 1556 negat:
743 1508 809 1541 con-⁸

132 1560 216 1605 cordiae
226 1558 301 1621 grstib
317 1560 388 1621 plebei
405 1557 546 1604 tribuniciam
557 1564 691 1620 potestatem
702 1558 808 1615 restitui,=

134 1638 163 1670 ex
173 1622 218 1684 quii
227 1638 306 1671 omnes
316 1624 434 1670 discordiae
443 1638 552 1670 acceusae

166 1686 276 1736 Pessume
293 1690 400 1734 omnium·
412 1697 480 1748 atque
498 1689 712 1749 impudentissume!
732 1691 803 1738 tibine

132 1761 224 1815 egestas
234 1753 318 1798 civium
329 1760 352 1799 et
362 1754 438 1803 luctus
448 1768 509 1801 curae
521 1761 580 1809 sunt,
595 1755 632 1800 cui
642 1754 697 1800 nihil
712 1763 749 1803 est
759 1757 804 1804 do-

132 1819 171 1872 mi,
181 1818 397 1878 nisisrmispartum,
408 1825 446 1864 sut
453 1818 618 1880 perinjurium?
629 1819 736 1867 Alterum
744 1835 801 1868 eoo·

133 1884 230 1931 sulatum
248 1882 312 1944 petis,
333 1883 395 1942 quasi
407 1884 505 1945 primum
521 1883 656 1929 reddideris:
674 1884 733 1931 bello
744 1890 824 1932 oon-³

133 1949 231 1995 cordiam
242 1948 332 2008 quaeris,
344 1955 463 2008 quopsrtu
472 1948 621 1995 disturbetur:
641 1949 712 1994 nostri
723 1950 799 2011 prodi·

53 2043 56 2048 ,
134 2020 177 2066 tor,
196 2014 244 2060 istis
261 2011 350 2065 infidus,
369 2013 441 2059 bostis
458 2013 559 2059 omnium
575 2014 694 2058 bonorum.
730 2013 763 2064 Ut
776 2021 801 2060 te

133 2093 206 2138 seque
213 2079 330 2125 homiuum
337 2094 411 2138 neque
418 2077 523 2124 Deorum
531 2077 606 2140 pudet,
618 2093 675 2137 quos
681 2093 721 2140 per
731 2078 800 2126 fidem

132 2151 172 2189 sut
189 2144 286 2207 perjurio
302 2142 407 2190 violdsti!
438 2143 485 2197 Qui
496 2142 586 2204 quando
597 2142 648 2189 tulis
658 2158 689 2197 es,
708 2158 800 2191 moums

133 2208 157 2254 in
173 2207 289 2261 sententiis,
308 2210 446 2255 etretineas
457 2223 525 2261 arma,
545 2214 569 2253 te
579 2208 671 2254 bortorr
690 2223 735 2255 neu
746 2224 808 2271 pro··

133 2272 229 2318 lomndis
240 2273 391 2325 seditionibus,
401 2274 488 2333 inquies
494 2273 548 2332 ipse,
562 2286 603 2318 uos
614 2272 637 2318 iu
649 2271 800 2320 sollicitudine

134 2339 238 2383 attineat.
270 2335 351 2397 Neque
368 2346 391 2383 te
403 2337 533 2397 proviuoiae,
553 2351 626 2395 neque
636 2336 707 2398 leges,
726 2352 801 2399 neque

134 2400 176 2447 Dii
188 2409 280 2462 penates
298 2402 371 2447 civem
383 2402 504 2462 patiuntur.
537 2398 618 2462 Perge,
642 2399 686 2461 qud
702 2403 799 2464 coepisti,

133 2472 241 2525 utquam
263 2474 400 2511 maturrume
417 2467 497 2512 merite
513 2467 621 2512 invenias.
655 2464 706 2512 Vos
715 2475 806 2522 autem*
826 2514 829 2517 .

134 2528 163 2581 P.
181 2528 210 2577 C.
232 2544 349 2589 quousque
369 2531 495 2577 cunctando
522 2529 680 2591 rempublicam
701 2530 806 2580 intutam·

132 2593 254 2654 patiemini
275 2604 298 2639 et
313 2594 385 2640 verbis
401 2609 463 2654 arms
484 2593 614 2640 tentabitis?
631 2592 744 2641 Deiectus
758 2596 798 2642 sd·
823 2601 824 2604 ’

131 2672 224 2705 vorsum
242 2673 285 2705 vos
302 2658 385 2715 hobiti3
412 2659 514 2721 pecuuiae
531 2659 619 2721 publice
643 2666 667 2707 et
693 2658 810 2722 privatim?
