1800 2942
372 517 561 586 JUSTINI

141 697 444 767 ‚ursroanaun
464 687 787 766 Pniurrrrcsaun

346 881 454 932 LIBER
469 882 597 933 NONUS·
624 931 626 937 Α

292 1067 301 1094 Ι

171 1163 192 1212 Ι.
209 1162 240 1212 [at
252 1164 367 1213 Graeoiam
384 1162 504 1225 Philippus
519 1177 571 1210 oum
582 1163 688 1220 venisset,
699 1164 811 1214 sollieitu-

138 1236 177 1278 tus
193 1244 316 1293 paucarum
336 1229 461 1278 civitatum
480 1229 619 1290 direptione3
642 1236 667 1276 at
682 1244 715 1276 ex
732 1230 813 1292 praedi,

138 1295 276 1343 modicarum
286 1294 382 1348 urbium,
392 1299 484 1354 quantae
494 1308 548 1354 opes
559 1294 714 1341 universarum
725 1304 811 1351 ensem,

138 1360 215 1408 animo
224 1359 369 1422 prospiciens,
379 1357 463 1404 bellum
470 1357 513 1403 toti
521 1357 619 1405 Graeciae
627 1357 711 1406 inferre
721 1362 809 1408 statuit.

139 1424 178 1473 Ad
190 1426 255 1489 enjus
270 1423 446 1471 emolumentum
465 1422 558 1484 egregie
574 1423 685 1484 pertinere
701 1431 771 1481 ratus,
788 1426 810 1473 si

138 1488 287 1551 Byzantium,
298 1487 395 1534 nobilem
413 1492 438 1534 et
453 1488 588 1534 maritimam
604 1488 688 1543 urbem,
705 1496 810 1552 recepta·

138 1554 214 1604 ouium
225 1552 285 1601 terri
294 1553 395 1613 marique
404 1551 475 1613 copiis
491 1552 538 1598 sa'a
547 1551 654 1607 futurum,
669 1553 693 1599 iu
706 1561 809 1615 potesta·

138 1625 184 1668 tem
197 1619 334 1681 redegissem
351 1616 453 1664 eamdem
469 1615 610 1664 claudentem
621 1618 662 1665 sibi
677 1624 755 1679 portaa
766 1620 809 1667 ob·

137 1683 225 1731 sidione
238 1682 316 1729 cinxit
349 1680 410 1729 Hmc
427 1695 525 1743 namque
540 1683 593 1729 urbs
609 1682 699 1729 condita
709 1683 784 1745 primo
794 1700 810 1733 a

139 1744 258 1802 Pausanid,
276 1761 331 1809 rege
347 1746 516 1807 Spartanorum,
535 1754 559 1793 et
573 1762 614 1808 per
629 1754 716 1808 septem
734 1763 809 1797 annos

137 1823 242 1876 postem
251 1809 306 1868 iuit3
325 1810 411 1866 deinde,
422 1811 523 1858 variante
534 1807 636 1868 victorii,
654 1827 716 1859 nunc
731 1811 808 1860 Luce·

138 1876 309 1928 damoniamm,
327 1889 389 1921 nune
403 1875 578 1923 Atheniensium
589 1876 649 1938 juris
664 1877 740 1925 habita
755 1886 805 1927 est:

138 1956 191 2003 quae
200 1941 285 1988 ineerta
294 1939 407 2001 possessio
417 1938 501 1998 effecit,
512 1946 546 1998 ut,
557 1941 648 1988 nemine
663 1942 727 2003 quasi
742 1957 810 1990 auam
897 1945 898 1962 ¹

137 2005 227 2056 auritis
231 2006 335 2069 Juvante,
345 2004 471 2051 libertatern
481 2006 620 2052 oonatantiua
627 2013 734 2055 tueretur.
758 2005 809 2071 Igi-
895 2009 897 2064 i

137 2079 176 2121 tur
186 2070 311 2133 Philippus,
329 2066 400 2132 longi
410 2070 533 2117 obsidionis
548 2067 613 2118 mord
622 2071 754 2126 exhaustus,
767 2087 809 2135 pe·
895 2075 896 2080 ’

100 2163 103 2168 ·
137 2137 213 2185 cuniae
233 2134 392 2183 oommeroium
414 2134 443 2182 de
463 2131 556 2196 piratici
570 2142 692 2183 mutuatur.
726 2134 810 2199 Captis

136 2202 214 2263 itaque
227 2206 318 2248 eentum
329 2200 472 2262 septuaginta
482 2200 583 2254 navibus,
593 2201 751 2262 mortibusque
761 2202 809 2249 dis·

137 2266 222 2321 tractis,
249 2264 391 2313 anhelantem
418 2264 518 2326 inopiam
545 2264 662 2327 paulutum
689 2269 809 2314 recreavit.

136 2330 237 2387 Deinde,
247 2344 278 2377 ne
287 2330 354 2376 unius
361 2328 422 2378 urbis
430 2330 598 2391 oppugnatione
608 2335 685 2377 tantus
692 2332 808 2379 exercitua

135 2401 257 2450 teneretur,
266 2393 381 2456 proiectus
396 2408 448 2440 oum
458 2392 594 2449 fortiaaimis,
610 2395 693 2442 multas
703 2392 807 2445 am

134 2460 240 2510 nentium
250 2459 316 2506 urbes
326 2466 457 2521 expurgatu
473 2457 589 2524 filiumque
598 2457 757 2508 Alexandrum
768 2462 809 2508 de-

135 2540 186 2575 cena
196 2531 221 2572 et
235 2528 288 2571 otto
298 2537 371 2570 annos
381 2530 467 2577 natum,
479 2529 507 2569 ut
519 2521 561 2569 sub
576 2521 658 2569 militia
667 2525 738 2585 patria
748 2525 806 2573 tiro·

133 2590 188 2643 cinit
198 2588 324 2638 rudimenta
339 2588 468 2651 deponeret,
485 2587 514 2634 ad
527 2600 554 2635 se
567 2586 667 2634 aroessit.
697 2586 729 2636 In
745 2589 808 2651 Sey-

134 2658 204 2707 thiom
220 2668 311 2717 quoque
328 2652 442 2716 predandi
458 2648 526 2699 oniti
542 2649 658 2712 profectus
674 2660 717 2708 est,
739 2665 806 2702 more

133 2719 304 2787 negotiantium,
314 2717 428 2783 impensaa
438 2713 545 2767 belli'dio
555 2714 615 2764 bello
625 2713 760 2765 refecturus.
