1800 2942
322 496 510 564 JUSTINI

103 680 391 744 Histoniuuuu
412 669 730 743 PHILIPPICARUM

277 860 384 912 LIBER
399 859 558 911 TERTIUS.

114 1137 135 1185 1.
151 1138 262 1194 ers,
274 1153 315 1187 rex
326 1138 454 1194 Persarum,
469 1147 542 1187 terror
558 1148 626 1188 antea
640 1135 750 1203 gentium,

79 1204 140 1252 bello
152 1205 175 1250 in
188 1202 279 1252 Graeoii
289 1204 407 1252 infeliciter
414 1212 487 1268 gesto,
494 1207 563 1252 etiam
570 1201 619 1252 'suis
626 1206 750 1253 contemtui

80 1283 133 1316 esse
150 1270 232 1332 ooepitt
252 1271 333 1332 quippe
344 1270 480 1325 Artabanus,
496 1270 617 1332 praefectus
627 1271 682 1330 eJus,
693 1269 749 1317 defl-

78 1334 155 1380 eiente
166 1334 265 1394 quotidie
272 1335 333 1398 regis
343 1335 470 1398 maiestate,
477 1335 501 1381 in
514 1349 577 1396 spem
594 1334 658 1395 regni
665 1335 750 1381 adduo-

78 1405 124 1452 tus‚
138 1413 191 1445 cum
210 1407 297 1461 septem
314 1400 475 1447 robustissimis
492 1398 544 1446 filiis
560 1399 646 1461 regiam
661 1400 751 1461 vesperi

77 1463 212 1526 ingreditur,
230 1465 294 1527 (nam
312 1464 417 1511 amicitie
431 1466 484 1527 jure
501 1478 589 1526 semper
605 1463 636 1510 illi
648 1462 749 1525 patebat)

76 1529 236 1590 trucidataque
244 1543 307 1592 rege,
317 1535 373 1576 voto
381 1544 423 1576 suo
430 1530 565 1576 obsistentes
570 1527 628 1575 filios
638 1529 687 1591 ejus
697 1528 750 1576 dolo

76 1593 219 1655 aggreditur.
251 1593 356 1642 Securior
374 1592 402 1640 de
421 1593 557 1657 Artaxerxe,
579 1607 649 1654 puero
671 1593 750 1640 admo-
817 1613 820 1624 ·

78 1657 142 1713 dum,
152 1655 220 1719 tingit
230 1671 307 1720 regern
319 1673 335 1703 a·
344 1657 423 1713 Dario,
443 1658 482 1719 qui
492 1665 541 1704 erat
554 1657 691 1713 adolescens,
703 1674 749 1719 quo

77 1722 191 1770 maturius
209 1736 281 1784 regno
299 1723 415 1784 potiretur,
437 1724 485 1769 occi
545 1739 553 1778 3
568 1722 663 1784 impellit
679 1723 750 1774 Arta·

77 1800 166 1840 xerxen
182 1788 324 1848 parricidium
339 1787 458 1848 parn'oidio
465 1737 587 1834 afflone
618 1785 679 1836 Cum
690 1804 748 1836 ven·

77 1858 128 1899 tum
136 1851 166 1898 ad
176 1851 267 1899 domum
279 1851 346 1899 Darii
356 1859 423 1907 esset,
435 1851 549 1899 dormiens
560 1853 671 1907 inventus,
683 1855 748 1914 quasi

76 1931 185 1966 aunuum
199 1914 301 1979 fingeret,
317 1915 457 1964 interficitur.
490 1916 560 1971 Dein,
571 1932 623 1965 oum
637 1933 706 1965 unum
718 1932 749 1965 ex

76 1981 141 2044 regis
156 1979 208 2028 filiis
224 1982 302 2028 sceleri
319 1997 360 2029 suo
379 1997 496 2045 superesse
515 1984 643 2029 Artabanus
654 1983 749 2040 videret,

75 2052 234 2107 metueretque
245 2046 273 2093 de
283 2061 355 2109 regno
373 2048 496 2094 certamina
505 2048 637 2109 principum,
654 2048 749 2093 assumit

58 2111 100 2164 ,in
124 2110 256 2158 societatem
277 2112 365 2158 consilii
392 2111 546 2168 Baoabasum;
571 2112 616 2172 qui,
641 2113 748 2173 prasenti

30 2178 35 2188 '
75 2183 139 2225 statu
150 2183 278 2231 contentus,
295 2192 342 2223 reru
353 2177 427 2239 prodit
442 2178 572 2231 Artaxerxi,
587 2184 613 2223 ut
628 2183 692 2237 pater
699 2179 749 2240 ejus
786 2197 794 2208 ⁴

76 2242 169 2288 oecisus
183 2241 220 2296 sit,
238 2249 264 2288 ut
280 2240 350 2292 frater
367 2240 423 2289 ssisri
430 2241 548 2303 parricidii
565 2241 691 2302 suspicione
706 2258 748 2304 op·

76 2320 186 2370 pressus3
208 2312 233 2352 ut
252 2306 348 2366 denique
364 2307 405 2369 ipsi
422 2314 562 2368 pararentur
574 2305 669 2353 insidiae.
701 2306 748 2354 His

75 2372 184 2433 cognitis,
195 2370 342 2425 Artaxerxes,
352 2386 433 2418 verens
444 2370 553 2417 Artabani
563 2385 681 2418 numerum
691 2370 749 2419 filio-

77 2450 137 2490 rum,
154 2437 179 2482 in
189 2444 306 2497 posterum
317 2436 375 2482 diem
386 2443 488 2498 paratum
499 2450 549 2482 esse
559 2444 668 2483 arnutum
680 2451 746 2484 exer·

76 2502 149 2552 eitum
159 2501 232 2564 J'ubet,
251 2501 408 2562 recogniturus
423 2508 447 2548 et
465 2515 583 2547 numerum
602 2501 708 2557 militum,
724 2508 748 2548 et

76 2565 101 2611 in
111 2566 183 2612 armis
200 2565 332 2612 industriam
350 2566 499 2628 singulorum.
530 2563 610 2626 Itaque
626 2581 678 2611 oum
689 2565 758 2618 inter⁴

77 2637 174 2679 eeteros
184 2637 217 2677 -et
234 2630 283 2692 ipse
300 2630 430 2678 Artabanus
450 2639 549 2677 armatus
568 2630 689 2682 assisteret,
707 2643 748 2675 rex

77 2695 176 2762 simulat,
194 2710 219 2744 se
237 2695 362 2744 breviorem
381 2696 474 2744 ioricam
491 2696 586 2743 haberet
601 2694 666 2758 jubet
676 2693 748 2740 Arta·
