1800 2942
167 145 215 192 ³¹12
265 141 403 195 JUSTINI
419 139 608 193 Lnxxxvl.
624 139 686 192 Car.
704 147 728 190 4.

168 286 220 320 nam
232 288 305 335 neque
314 275 389 322 ventis
396 281 507 327 movetur,
518 274 637 319 resistente
644 269 774 320 turbinibus
781 272 845 320 bitu·

169 339 237 394 mine,
257 355 302 400 quo
320 354 378 401 aqua
392 340 467 386 omnis
488 344 621 400 stagnatum
644 352 719 398 neque
739 338 843 401 naviga·

169 402 237 450 tionis
253 405 340 465 potiens
354 412 395 459 est,
415 405 520 464 quoniam
538 399 614 448 omnia
630 401 679 448 vini
696 404 803 449 carentia
818 404 843 449 ln

170 467 305 529 profundum
316 477 462 531 merguntur3
480 482 522 514 nec
530 467 647 513 materiam
655 467 725 513 ullam
734 468 843 521 suem

171 530 843 659 llllt‚lll3.llltt?,itf“”tmittmt

171 662 312 710 inditionem
324 663 448 710 Alexandri
461 661 542 724 Magni
554 659 644 716 venere,
655 661 746 721 diuque,
762 661 789 707 in
800 676 842 723 po-
891 693 892 698 ,

171 731 253 774 testate
274 727 417 782 Macedonici
438 726 532 789 imperii,
555 726 647 788 subjecti
669 725 746 785 Syriae
768 740 842 787 regno

172 788 243 837 suere.
274 791 298 838 A
309 791 430 839 Demetrio
440 806 493 838 oum
508 791 661 844 descivissent,
676 788 780 837 amicitifl
791 789 841 836 Ro·

173 869 290 903 manonrm
302 854 379 916 petiti,
388 857 456 918 primi
466 857 566 903 omnium
575 869 605 901 ex
611 854 766 901 Orientalibus
773 854 841 904 liba·¹

173 927 242 966 tatem
254 928 391 982 receperunt,
402 920 469 967 facile
480 928 534 967 tunc
544 919 655 967 Romanis
668 919 697 965 de
711 919 788 966 alieno
798 919 841 965 lar·

190 984 292 1031 'entibus
789 1031 791 1036 .

173 998 197 1046 m
207 1046 252 1094 IV.
269 1048 315 1096 Per
328 1049 406 1097 eadem
424 1056 533 1112 tempora,
548 1050 629 1107 quibus
647 1050 671 1096 in
690 1047 759 1111 Syriai
777 1048 841 1111 regni

174 1114 271 1162 mutatio
283 1115 342 1161 inter
353 1130 425 1163 novos
439 1129 507 1177 reges
521 1115 678 1167 alternabatun
693 1116 718 1160 in
730 1112 789 1161 Asici
803 1126 841 1159 rex

176 1177 268 1227 Attalus
278 1178 460 1227 florentissimum
471 1181 499 1226 ab
509 1178 614 1226 Eumene
628 1187 709 1241 putruo
724 1187 840 1240 acceptum

176 1259 273 1307 regnum
285 1246 382 1292 caedibus
392 1246 523 1300 amicorum,
534 1251 558 1290 et
568 1251 716 1306 cognatorum
729 1243 842 1305 suppliciis

176 1308 287 1366 doedabat3
298 1324 358 1356 nunc
366 1316 462 1356 matrem
473 1323 548 1363 anum,
561 1324 621 1355 nunc
632 1307 763 1355 Beronicen
773 1322 841 1370 spon·

177 1389 233 1427 sam,
256 1374 369 1421 maleficiis
391 1388 469 1420 eorum
492 1381 582 1421 necatas
603 1372 744 1434 contingens.
786 1372 842 1419 Post

178 1440 235 1486 banc
251 1440 367 1486 molestam
385 1439 499 1485 violentiae
510 1439 600 1493 rabiem,
617 1437 740 1498 squalidam
755 1445 840 1484 vestem

179 1505 263 1562 sumit;
279 1504 369 1550 barbam
379 1504 528 1566 capillumque
540 1504 564 1549 in
576 1503 669 1550 modum
685 1517 776 1549 reorum
789 1502 841 1549 sub-

178 1569 262 1616 mittit:
283 1584 328 1616 uon
347 1569 371 1615 in
391 1568 506 1631 publicum
526 1568 622 1629 prodire,
644 1582 690 1613 non
712 1567 798 1630 populo
819 1581 842 1613 se

179 1634 303 1689 ostendere,
315 1650 361 1681 nou
377 1634 437 1680 domi
450 1633 538 1692 laetiora
551 1633 656 1680 convivia
668 1633 733 1687 inire,
749 1640 789 1680 aut
803 1631 842 1679 ali·

179 1699 240 1760 quod
250 1700 340 1761 signum
351 1699 399 1750 sani
410 1698 508 1745 hominis
518 1698 605 1753 babere,
615 1711 708 1758 prorsus
722 1705 750 1744 ut
765 1710 844 1759 poenas
895 1699 896 1704 ’

178 1762 277 1823 pendere
289 1763 397 1810 Manibus
413 1761 581 1810 interfectorum
600 1762 721 1809 videretur.
754 1758 845 1809 Omissi

180 1826 261 1874 deinde
276 1829 341 1888 regni
357 1828 556 1883 administratione,
574 1828 652 1874 hortos
666 1827 771 1882 fodiebat,
789 1841 843 1888 gra·

180 1892 377 1947 minaseminabat,
385 1902 409 1939 et
419 1893 593 1940 noxiaiunoxiis
599 1893 762 1954 permiscebat3
775 1904 844 1952 eaque

180 1956 263 2011 omnia,
274 1956 356 2003 veneni
366 1972 433 2003 succo
447 1956 538 2013 infecta,
552 1957 615 2005 velut
627 1957 741 2019 peculiare
756 1970 845 2008 munus,

180 2021 259 2069 amicis
272 2021 381 2068 mittebat.
412 2021 451 2069 Ab
461 2023 505 2070 boc
515 2022 595 2075 studio,
607 2022 693 2068 aerariae
708 2022 764 2068 artis
779 2020 844 2068 fabri-

181 2101 216 2133 eae
235 2101 260 2133 se
275 2086 358 2144 tradit3
376 2087 478 2147 cerisque
493 2086 612 2150 lingendis,
629 2094 654 2133 et
669 2102 715 2133 aere
731 2085 844 2133 fundendo

180 2151 367 2213 procudendoque
388 2152 545 2199 oblectabatur.
582 2151 653 2198 Matri
672 2150 755 2198 deinde
773 2150 844 2213 sepul·

181 2230 245 2261 crum
253 2215 326 2262 facere
336 2217 446 2263 instituitr
466 2217 502 2264 cui
513 2217 575 2280 operi
585 2219 693 2269 intentus,
704 2216 809 2263 morbum
817 2228 845 2261 ex

115 2291 117 2298 ¹
182 2279 236 2325 solis
246 2278 335 2327 fervore
343 2282 461 2335 contraxit,
470 2279 593 2342 etseptimi
600 2282 636 2327 die
642 2281 747 2326 decessit.
771 2280 846 2343 Hujus
895 2285 896 2288 ’

181 2349 318 2391 testamento
327 2346 400 2392 haeres
409 2346 506 2407 populus
516 2345 638 2398 Romanus
649 2352 704 2391 tunc
716 2345 846 2392 instituitur.

183 2405 287 2453 Sederat
300 2424 329 2455 ex
339 2409 444 2456 Eumene
460 2410 609 2464 Aristonicus,
628 2425 674 2456 non
685 2411 752 2470 justo
770 2410 846 2457 matri·

183 2470 268 2527 monio,
286 2473 325 2518 sed
340 2488 369 2520 ex
383 2474 464 2537 pellice
475 2474 580 2537 Ephesii,
596 2475 718 2521 citharistae
731 2475 846 2537 cujusdam

182 2531 235 2587 filib
240 2536 339 2595 genitus,
350 2538 394 2597 qui,
405 2546 560 2601 postmortem
568 2539 646 2592 Attali,
659 2539 723 2585 velut
730 2547 846 2600 paternum

183 2612 291 2709 amipli
299 2600 480 2713 gsipanteipvasit
512 2602 654 2716 (ξυηῇἑηιιὴα
664 2603 847 2718 securptrtpdproeoelia

323 2679 345 2712 vr
404 2682 548 2731 ,quaemeu
597 2682 729 2738 manorum*
764 2719 769 2724 ,
825 2681 848 2722 κ,
