1800 2942
139 166 186 212 268
267 160 405 212 JUSTINI
421 162 475 212 Lau
484 158 555 211 xlv.
571 161 632 213 css.
643 164 667 212 6.

136 299 161 338 et
172 289 333 340 Thessalonice
342 293 453 356 privigna,
464 299 488 340 et
497 292 546 355 ipss
555 293 615 340 clara
626 290 724 354 Philippi
734 290 809 354 patris
898 320 899 337 i

137 358 235 413 nomine,
253 358 375 419 multaeque
384 359 435 404 aliae
444 358 570 420 principum
581 364 698 410 matronae,
715 357 807 419 specio-

138 436 177 468 sus
196 424 269 498 magis
287 437 355 483 quam
374 422 435 469 utilis
450 436 515 484 grex,
534 422 628 499 comites
637 419 708 497 fuere.
743 419 807 468 Haee
898 446 899 475 ;

137 485 812 613 ῗγῗηῖἱῗῗὲζῖἒέἷῒῖἓζἱῗὲἓῑῖῃῗῖῗῒξῑῗῖῗωῖἶὲῗῖ»
898 534 899 609 3

136 615 241 677 ferroque
260 625 377 678 urgeretur
394 615 517 677 Olympias,
534 615 611 678 longae
627 615 750 662 obsidionis
759 621 806 661 tas-

136 680 180 734 dio,
191 679 256 741 pacti
266 682 344 736 salute,
355 681 436 727 victori
444 695 470 726 se
479 679 577 727 tradidit.
610 680 656 728 Sed
665 678 802 734 Cassander,
898 716 899 723 ,

136 745 166 791 sd
181 746 313 792 concionem
332 753 414 792 vocato
430 746 520 806 populo,
540 744 693 791 sciscitaturus
710 743 809 805 quidde·
898 762 899 799 i

137 807 271 870 Olympiade
286 809 334 856 lieri
345 811 422 863 velint,
440 810 547 856 subornat
556 816 660 870 parentes
670 807 803 855 interiecto-
898 816 899 847 l

135 888 193 926 runs,
206 874 251 933 qui,
269 870 342 920 sumti
352 874 441 934 lugubri
453 880 524 927 veste,
535 873 690 919 crudelitatem
701 872 804 919 mulieris

137 945 276 984 accusarent.
308 937 331 984 A
342 938 421 998 quibus
432 938 522 984 accensi
533 937 679 992 Macedones,
698 938 747 984 siue
764 952 802 983 re·
898 992 899 997 ¹

135 1009 213 1063 spectu
233 1002 333 1062 pristinae
352 1004 482 1063 majestatis,
505 1002 649 1048 occidendam
661 1003 801 1058 decernunt3

134 1067 278 1113 immemores
288 1081 385 1128 prorsus,
402 1067 469 1127 quod,
485 1082 525 1128 per
534 1065 605 1113 lilium
617 1068 666 1129 ejus
676 1068 802 1126 virumque,

135 1145 182 1176 non
190 1131 263 1178 solum
275 1132 392 1194 vitamipsi
399 1133 458 1178 inter
465 1130 571 1178 finitimos
578 1138 650 1178 tutam
658 1132 801 1188 habuissent;

134 1208 214 1242 verum
225 1196 292 1242 etism
303 1203 378 1243 tantas
392 1211 447 1258 opes
462 1197 623 1258 imperiumque
637 1198 698 1243 orbis
708 1195 803 1257 quaesis-

137 1267 195 1307 sent.
227 1261 272 1308 Sed
284 1261 408 1324 Olympias,
420 1262 458 1307 ubi
469 1262 593 1307 obstinatos
604 1262 682 1308 venire
692 1260 720 1307 ad
733 1275 758 1307 se
768 1275 804 1307 ar·

136 1333 209 1373 matos
217 1326 280 1381 vidit,
291 1334 355 1373 veste
365 1325 443 1386 regali,
455 1326 539 1371 duabus
549 1326 635 1372 ancillis
645 1326 732 1382 innixa,
744 1325 807 1372 ultro'

136 1391 225 1438 obviam
232 1392 340 1452 procedit.
373 1389 426 1444 Qua
435 1389 490 1445 visi,
502 1405 644 1452 percussores
655 1390 746 1437 attoniti
756 1388 803 1436 scr·

137 1454 194 1501 nini
204 1456 326 1519 majestatis
336 1455 422 1516 prioris,
438 1460 463 1501 et
472 1461 508 1501 tot
517 1456 541 1501 in
552 1453 580 1502 ei
589 1456 707 1502 memoriae
722 1469 802 1502 occur-

138 1521 237 1573 rentibus
259 1534 339 1582 regum
358 1534 450 1567 suorum
477 1521 612 1573 nominibus,
639 1520 803 1577 substiterunt;

138 1585 210 1632 donec
229 1600 243 1631 a
259 1583 386 1633 Cassandro
396 1584 459 1631 missi
470 1590 531 1639 sunt,
541 1586 578 1644 qui
589 1599 639 1631 eam
650 1584 804 1640 confoderent,

138 1660 185 1695 non
197 1648 345 1710 refragientsn
353 1650 453 1711 gladium
461 1663 503 1696 nec
510 1649 608 1704 vulnera,
620 1657 660 1696 aut
666 1649 804 1696 muliebriter

137 1713 305 1768 vociferantem,
326 1715 366 1760 sed
381 1715 481 1760 virorum
492 1728 555 1760 more
564 1713 665 1768 fortium,
679 1729 722 1776 pro
732 1711 804 1775 gloria

137 1778 222 1823 veteris
231 1779 346 1838 prosapiae,
361 1779 432 1824 'morti
445 1780 634 1832 succumbentem,
658 1785 684 1824 ut
701 1778 802 1824 Alexan·

138 1841 203 1888 dmm
222 1855 299 1902 posses
315 1843 382 1888 etiam
401 1843 425 1888 in
442 1844 552 1890 moriente
568 1851 640 1889 matre
657 1854 805 1905 cognoscere.¹

136 1904 233 1967 Insuper
243 1906 367 1967 exspirans,
379 1903 487 1972 [rapidis]
503 1915 526 1954 et
537 1915 601 1954 reste
611 1922 677 1954 crura
688 1907 806 1953 contexite

136 1986 162 2017 se
172 1971 249 2024 fertur,
267 1986 296 2016 ne
313 1972 366 2031 quid
380 1979 457 2032 possen
469 1972 493 2019 in
509 1986 602 2033 corpore
613 1972 661 2034 ejus
670 1971 804 2018 indecorum*

135 2036 214 2083 videri.
247 2034 304 2082 Post
323 2036 372 2082 haec
393 2034 520 2084 emunder
538 2036 722 2089 Thessalonicen,
741 2037 802 2097 regis

136 2101 223 2148 Aridaei
233 2099 308 2156 filiam,
328 2115 421 2147 uxorem
437 2101 512 2148 ducit:
531 2100 601 2147 filium
613 2100 738 2148 Alexandri
749 2115 804 2146 cum

135 2173 208 2214 matre
218 2165 242 2213 in
252 2181 326 2214 arcem
338 2165 545 2229 amphipolitanam
555 2165 715 2214 custodiendos
726 2166 801 2213 mittit.
