1800 2942
140 186 190 234 150
295 179 434 232 JUSTINI
450 180 534 231 Lat.
551 180 611 232 car.
621 184 644 230 5.

143 317 278 361 necamur(
299 311 375 360 Notus
385 311 460 359 infans
470 312 535 360 detur
545 311 681 360 occidendus
689 309 813 377 Hsrpsgo,

141 378 205 440 regis
216 378 296 431 enrico,
312 385 335 424 et
351 392 483 424 momorum
497 378 606 440 participi
641 375 665 423 Is
683 378 780 432 veritus,
794 380 814 425 si

143 443 173 489 ed
183 441 258 494 filiam,
269 450 360 489 mortuo
371 457 434 504 rege,
448 443 548 490 venisset
558 441 682 504 imperium,
695 443 748 502 quis
760 443 814 489 nni-

143 507 191 555 Ium
203 506 319 570 Astyages
334 507 405 554 virilis
421 505 489 553 sexus
504 513 620 570 genuerat,
636 521 666 553 ne
682 507 721 553 ille
737 509 815 556 necati

143 571 237 620 infantis
261 571 377 627 ultionem,
399 585 493 632 quamn
512 580 575 634 petre
594 586 640 618 non
658 571 779 633 potuisset,
801 588 815 620 a

143 636 247 684 ministro
264 637 373 699 exigeret,
390 637 475 698 pastori
490 637 546 698 regii
563 636 650 703 peeoris
662 651 757 698 puemm
770 652 813 683 ex·

143 701 273 764 ponendum
290 701 388 749 tradidit.
420 700 491 749 Forte
508 702 587 748 eodem
606 708 708 762 tempore
726 708 751 747 et
770 702 812 764 ipsi

142 766 228 828 pastori
243 764 303 814 tilius
318 774 384 814 uetus
399 773 455 814 erut.
487 764 545 830 Ejus
563 765 632 827 igitur
651 780 717 819 uxor,
737 764 814 814 auditi

143 831 201 892 regii
223 829 315 878 infantis
333 832 481 894 expositione,
501 831 594 877 summis
615 831 719 892 precibus
738 839 812 893 roget,

144 894 185 942 sibi
196 894 289 956 perferri
299 896 433 955 ostendique
438 910 540 958 puerum.
574 892 647 957 Cujus
663 895 768 957 precibus
779 895 812 942 fn·

143 959 229 1070 Ἐκ
250 966 333 1021 postor,
360 975 464 1008 reversus
485 962 509 1007 in
531 960 617 1014 silvam,
640 960 727 1006 invenit
745 960 813 1022 juxte

143 1023 151 1071 i
206 1030 342 1070 temcenem
352 1022 467 1079 seminem,
483 1024 577 1087 parvulo
587 1024 813 1085 ubempraebentem,

143 1094 168 1135 et
184 1086 264 1135 nferis
281 1088 414 1150 alitibusque
432 1088 611 1137 defendentem·
637 1087 719 1135 Motus
730 1091 813 1152 etipse

143 1151 303 1207 misericordiis,
320 1151 365 1215 qui
380 1161 465 1201 motum
479 1156 548 1201 etism
558 1167 636 1201 cenem
648 1152 743 1211 videret,
755 1169 812 1216 pue·

144 1232 195 1265 rum
207 1217 278 1265 defert
289 1218 317 1264 sd
325 1218 418 1273 nubila,
424 1216 501 1266 eidem
513 1233 569 1266 oune
580 1218 647 1265 anxie
653 1227 812 1280 prosequente.

145 1281 222 1337 Quem
239 1283 276 1330 ubi
288 1285 311 1331 in
322 1298 402 1331 munus
412 1280 493 1330 mulier
503 1283 595 1346 aceepit,
612 1282 682 1330 veluti
693 1283 720 1329 ad
733 1291 812 1331 noum

143 1346 233 1395 nilusit:
252 1355 373 1409 tantaeque
389 1349 413 1395 in
433 1348 473 1394 illo
495 1349 567 1410 vigor,
587 1355 610 1394 et
627 1347 699 1394 dulcis
720 1349 812 1408 quidum

143 1411 278 1460 blandientis
290 1414 354 1469 ¹risus
373 1414 480 1476 apperuit,
503 1421 529 1460 ut
545 1420 657 1474 pastorem
675 1426 735 1459 uxor
752 1413 811 1461 nltm

142 1485 240 1540 rogaret
252 1493 318 1524 suum
328 1485 416 1541 partum
424 1493 466 1540 pro
476 1477 515 1524 illo
523 1483 652 1539 exponeret,
658 1477 811 1537 permitteret-

142 1557 187 1604 que
199 1543 247 1600 sibi,
265 1545 313 1591 sive
322 1541 421 1590 fortunae
435 1542 512 1605 ipsius,
532 1543 580 1589 sive
590 1542 637 1603 spei
648 1555 703 1595 suae,
714 1557 811 1603 puerum

141 1607 236 1655 nutrire.
268 1608 346 1670 Atque
359 1609 390 1656 its
398 1604 525 1670 permutati
535 1613 595 1654 sorte
604 1606 757 1668 parvulorum,
774 1608 812 1655 bie

142 1686 184 1734 pro
200 1672 247 1721 filio
260 1674 356 1734 pastoris
366 1674 487 1729 educatum
504 1671 542 1717 ilie
552 1687 593 1733 pro
603 1677 686 1732 nepote
697 1672 759 1732 regis
770 1686 810 1718 ex·

141 1737 241 1800 ponitur.
280 1736 370 1784 Nutrioi
391 1736 465 1799 Spero
482 1743 561 1798 posteo
582 1749 665 1782 nomen
683 1734 735 1791 tuit,
760 1737 811 1798 quin

143 1815 223 1848 cenem
235 1799 313 1848 Persse
324 1803 455 1849 sievocaot.

176 1864 208 1912 V.
226 1863 287 1912 Puer
296 1865 382 1920 deinde,
402 1882 454 1913 cum
473 1867 532 1912 inter
547 1872 649 1927 pastores
667 1872 734 1920 esset,
753 1864 811 1928 Cyri

143 1944 226 1979 nomen
237 1930 330 1992 accepit.
362 1930 422 1989 Mox
430 1944 471 1979 rex
481 1932 540 1978 inter
550 1931 652 1978 ludentes
663 1939 724 1978 sorte
735 1931 810 1978 delec-

143 2001 190 2052 tusJ
205 2010 257 2041 cum
274 2010 314 2056 per
328 1995 442 2044 lasciviam
454 2003 598 2043 contumaces
608 1994 704 2058 flagellis
715 1996 811 2043 cecidis-
824 2004 829 2009 “

143 2066 187 2116 set,
205 2061 362 2121 aparentibus
376 2074 496 2122 puerorum
511 2060 602 2123 querele
615 2066 650 2106 est
662 2060 711 2121 regi
729 2061 810 2118 deletu,

142 2124 310 2187 indignantibus
321 2141 410 2173 aservo
420 2127 485 2188 regio
495 2126 607 2189 ingenuos
621 2125 723 2173 homines
737 2127 811 2173 servi-

141 2189 200 2237 libus
211 2191 340 2238 verberibus
347 2189 446 2238 affectos.
480 2188 529 2243 Ille,
541 2190 648 2237 arcessito
657 2204 728 2252 puero
738 2198 763 2237 et
773 2191 811 2238 in·

143 2260 266 2318 terrogatn
283 2271 342 2311 eum,
359 2256 414 2302 nibil
424 2263 511 2302 mutato
522 2254 593 2308 vulto,
611 2254 715 2302 “fecisse
736 2270 763 2303 se
783 2261 812 2303 ut

142 2317 237 2381 regem”
255 2321 412 2383 respondisset,
427 2319 714 2376 admiretusconsteutism,
725 2319 749 2366 in
760 2335 812 2368 me·

143 2385 239 2432 moriem
258 2386 340 2431 somnii
361 2385 507 2448 responsique
525 2390 649 2431 revocatur.
682 2385 761 2445 Atque
779 2385 813 2433 ite

144 2462 197 2497 eum
207 2456 232 2494 et
241 2450 319 2496 vultus
329 2451 458 2503 similitudo,
470 2457 493 2496 et
503 2449 649 2511 expositionis
660 2455 770 2510 tempore,
787 2457 813 2497 et

144 2512 241 2580 pastoris
252 2513 364 2561 confessio
372 2515 528 2568 ronvemrent
541 2521 645 2576 nepotem
657 2515 759 2576 agnovit.
777 2513 813 2562 Et

144 2578 250 2643 quonium
261 2577 381 2626 defunctus
389 2580 430 2626 sibi
437 2580 525 2626 somnio
533 2579 652 2634 videretur,
659 2580 744 2641 agitato
751 2580 814 2626 inter

184 2651 244 2690 tores
259 2657 347 2706 regno3
364 2644 465 2690 animum
478 2644 588 2690 minacem
606 2644 715 2691 duntsmt
731 2645 756 2691 in
770 2644 813 2691 illo

194 2709 218 2756 't
251 2705 368 2760 Caemrum
385 2707 496 2773 Hurpsgo
513 2709 645 2760 smioo‘suo
663 2706 811 2792 infestantis
