1800 2942
109 185 156 232 174
252 183 390 235 JUSTINI
405 184 459 234 Lm.
471 184 505 232 11.
523 185 582 236 Cur.
593 185 642 237 15(

106 320 141 362 tus
152 314 297 363 morientium
311 315 360 370 t‘uit,
372 323 398 363 ut
407 317 453 364 vire
468 317 612 364 cadaveribus
622 317 779 380 implerentur,
827 351 831 358 ·

106 379 214 442 elitesque
230 388 253 428 et
267 381 352 436 bestise,
369 396 428 428 esce
444 382 554 429 illecebris
565 381 698 439 sollicitatas,
709 399 779 432 exer-

107 446 176 492 citum
188 453 341 506 sequerentur.

139 508 210 557 XIV.
227 508 321 556 Interim
336 508 479 557 Mardonius
494 512 517 558 in
535 509 626 559 Graeoih
645 510 778 573 Olynthum

105 582 227 636 expugnat.
260 574 413 621 Athenienses
423 591 513 636 quoque
529 577 552 623 in
563 591 626 637 spem
637 578 706 637 pscis,
718 579 778 624 smi-

105 639 225 699 citismque
242 639 302 700 regis
320 639 431 695 sollicitet,
449 641 563 702 spondens
577 642 677 688 incensae
695 657 778 690 eornm

106 703 166 751 urbis
183 703 250 750 etism
272 704 296 750 in
315 705 388 766 mujus
407 706 581 752 restitutionem.
621 704 777 768 Postesquun

105 768 168 815 nulio
187 769 259 828 pretio
275 768 399 816 libertatem
418 769 481 816 videt
498 771 535 818 his
549 770 659 825 venalem,
676 772 778 820 incensis

105 848 156 894 quee
167 831 277 880 edificare
295 839 417 895 creperum,
434 836 511 897 copies
527 836 550 882 in
570 834 684 883 Bseotieur
701 844 777 885 trans·

102 896 155 945 sert.
186 896 397 946 EoetGrsecorum
406 901 670 962 exercitusquioeutunr
678 902 778 949 millium
862 957 864 960 ¹

103 962 154 1014 suit
170 970 261 1011 secutus
271 970 320 1010 est:
339 963 413 1024 ibique
422 965 528 1025 proelium
543 966 698 1014 commissum.
730 967 778 1015 Sed

104 1027 196 1075 fortune
207 1030 267 1090 regis
278 1042 330 1074 cum
341 1028 398 1075 duce
408 1036 495 1075 mutets
506 1045 552 1077 non
569 1037 616 1077 est:
636 1044 689 1077 nuru
700 1031 777 1079 victus

104 1089 246 1147 Mardonius,
258 1092 329 1140 veluti
339 1107 369 1139 ex
380 1092 504 1155 naufragio,
517 1109 569 1141 cum
579 1094 656 1157 paucis
666 1095 778 1157 profugit.

106 1156 188 1205 Csstrs
199 1156 280 1205 referta
297 1158 379 1220 reguis
398 1158 519 1220 opulentiae
535 1168 607 1222 cepte.
640 1157 710 1207 Unde
727 1162 786 1223 pri·v

104 1237 167 1269 mum
179 1224 282 1280 Graeoos,
293 1223 365 1270 divim
372 1224 432 1270 inter
442 1238 467 1270 se
474 1238 529 1270 auro
537 1222 637 1277 Persico,
645 1224 777 1273 divitiarum

104 1288 193 1336 luxurie
200 1290 266 1351 cepit.
298 1288 387 1336 Eodem
398 1287 458 1335 forte
468 1289 512 1346 die,
520 1304 566 1349 quo
575 1288 690 1336 Mardonii
701 1292 775 1353 copiae

104 1352 185 1401 deletae
202 1363 261 1409 sunt,
275 1355 342 1401 etiem
361 1353 435 1400 navali
446 1353 527 1414 proelio
537 1354 561 1400 in
572 1352 630 1401 Aris
645 1354 778 1402 submonte

104 1416 205 1480 Mycale,
222 1420 329 1467 adversus
345 1417 426 1465 Persas
445 1418 574 1465 dimicatum
593 1427 637 1466 est.
667 1416 703 1465 Ibi
721 1427 777 1467 aute

104 1484 296 1545 congressionem,
308 1499 359 1530 cum
371 1483 454 1530 classes
464 1498 494 1529 ex
504 1484 599 1531 adverso
610 1491 702 1538 sterent,
714 1485 776 1533 sums

105 1548 134 1595 nd
152 1556 270 1610 utrumque
286 1549 409 1596 exercitum
429 1549 499 1603 venit,
523 1549 605 1598 vicisse
624 1549 728 1604 Grecos,
751 1557 775 1598 et

105 1612 259 1664 Mardonium
274 1615 307 1661 ies
318 1613 433 1661 occidione
443 1613 559 1661 occidisse.
591 1612 690 1661 Tantum
706 1613 776 1661 ssmae

103 1678 244 1725 velocitatem
252 1630 328 1733 titisse,
336 1685 367 1733 ut,
379 1693 431 1725 cum
439 1679 551 1726 matutino
558 1685 659 1741 ternpore
669 1679 776 1741 proelium

91 1742 128 1788 'in
140 1741 231 1792 Boeom
241 1744 385 1790 commissum
393 1744 428 1798 sit,
440 1744 568 1790 meridianis
579 1743 674 1791 horisius
687 1743 775 1799 Asiam,

104 1822 145 1869 per
156 1814 189 1852 tot
200 1808 275 1861 merie,
295 1817 318 1854 et
334 1814 421 1854 tentum
439 1809 512 1869 spatii,
531 1816 578 1855 tam
589 1808 652 1855 brevi
668 1809 775 1855 horarum

104 1880 226 1926 momento,
236 1872 265 1918 de
272 1870 366 1919 victorii
373 1873 500 1919 nuntiatum
508 1872 553 1922 sit!
588 1871 775 1929 Confectohello,

104 1951 157 1983 cum
168 1936 196 1984 de
206 1937 304 1999 praemiis
314 1937 438 1988 civitatium
449 1948 561 2001 ageretur,
571 1939 672 1985 omnium
679 1939 774 2000 judicio,

105 2002 279 2049 Atheniensium
298 2002 370 2048 virtut
387 2003 476 2049 caeteris
493 2004 592 2065 praelets.
624 2001 688 2049 Inter
705 2004 775 2051 duces

104 2082 194 2128 quoque
204 2065 375 2121 Themistocles,
392 2068 496 2130 prinecps
507 2068 632 2115 civitatium
643 2067 774 2116 testimonio

100 2132 222 2195 judicatus,
234 2132 330 2194 glorium
338 2133 417 2194 putriae
429 2148 477 2179 suae
488 2133 558 2179 nuxit.
782 2179 784 2185 ,

134 2195 194 2244 XV.
213 2195 287 2258 Igitur
298 2197 456 2252 Athenienses,
467 2198 528 2243 aucti
539 2204 563 2244 et
577 2197 676 2259 praemiis
685 2197 776 2247 belliet

103 2260 183 2324 giudi,
200 2263 276 2309 urbem
288 2277 318 2309 ex
328 2263 417 2323 integro
434 2262 532 2308 condere
550 2262 679 2309 moliuntur.
714 2261 775 2311 Cum

104 2327 189 2373 moenie
197 2328 283 2390 mujora
290 2327 401 2389 complexi
411 2326 514 2380 fuissent,
531 2328 628 2388 suspecti
639 2342 689 2374 esse
700 2325 775 2375 lasce-

104 2391 223 2438 doemoniis
241 2392 336 2453 coepere,
354 2402 414 2439 recte
429 2392 590 2453 reputantibus,
613 2391 693 2452 quibus
708 2394 775 2439 ruint
799 2437 800 2442 ,

105 2456 166 2506 urbis
173 2463 260 2503 tentum
271 2457 403 2504 incrementi
413 2453 518 2510 dedisset,
533 2463 641 2517 quantum
653 2457 683 2503 sit
694 2455 775 2503 dature
864 2505 866 2508 ,

104 2521 192 2568 munita
202 2521 287 2568 civitas
315 2520 414 2568 Mittunt
424 2537 481 2584 ergo
491 2521 588 2583 legatos,
601 2522 638 2583 qui
646 2530 775 2576 monerent,

105 2600 135 2633 ne
154 2587 293 2633 munimentis
308 2586 417 2639 hostibus,
435 2593 459 2633 et
477 2587 618 2648 receptacula
635 2585 705 2632 futuri
722 2586 776 2633 beili
797 2631 801 2638 ,

104 2649 229 2697 exstruent.
260 2649 432 2705 Themistocles,
453 2661 480 2698 ut
497 2651 554 2699 vidit
572 2652 619 2714 spei
637 2651 699 2698 urbis
714 2651 798 2710 invi„

104 2714 157 2774 desi,
169 2730 215 2765 uon
225 2716 358 2766 existiment
368 2716 462 2780 abrupte
477 2717 598 2780 egendum,
615 2715 731 2780 respondit
741 2715 776 2763 le-
