1800 2942
389 467 579 537 JUSTINI

179 655 466 718 HISTORIARUM
486 651 812 714 PHILIPPICARUM

243 831 352 885 LIBER
367 830 559 886 vlcnsnuvs
574 830 737 883 TERTIUS.

188 1110 209 1158 1.
226 1111 397 1166 Aonmoonns,
409 1126 450 1158 rex
461 1111 551 1167 sicilie,
563 1110 692 1174 pacificatus
702 1125 757 1158 oum
768 1108 828 1160 car·

159 1177 345 1240 thnginiensibus,
356 1184 443 1238 portem
455 1177 578 1223 civitatium
589 1192 603 1224 o
613 1191 639 1222 se
647 1174 732 1223 fiducie
745 1176 828 1224 virium

157 1241 311 1289 dissidentium
333 1243 401 1288 ermis
420 1241 515 1302 subegit.
553 1240 622 1296 Dein,
642 1240 706 1302 quusi
724 1240 829 1302 angustis

157 1307 239 1355 insulae
247 1306 348 1354 terminis
358 1305 505 1360 clauderetur,
515 1306 579 1367 ouJus
588 1306 675 1366 imperii
682 1311 771 1367 partem
781 1305 828 1366 pri·

158 1371 202 1418 mis
220 1371 364 1417 incrementis
385 1386 413 1417 ne
432 1377 560 1431 sperarem
575 1369 672 1432 quidem,
689 1370 714 1416 iu
736 1366 829 1416 Itslinns

158 1434 311 1490 trsusoendit;
328 1434 454 1496 exemplum
466 1432 575 1495 Dionysii
585 1441 683 1490 secutus,
694 1434 733 1494 qui
744 1434 829 1480 multas

158 1499 261 1547 civitates
281 1498 354 1546 Ituiae
373 1500 498 1560 subegerat
539 1497 609 1545 Primi
626 1500 697 1561 igitur
707 1499 786 1545 hostes
797 1497 830 1544 illi

159 1563 244 1611 Bruttii
254 1561 325 1618 fuere,
342 1565 380 1626 qui
391 1571 415 1611 et
424 1562 541 1609 fortissimi
557 1569 606 1610 tum
625 1571 649 1611 et
664 1562 830 1625 opulentissimi

158 1629 298 1683 videbantur,
311 1628 377 1675 simul
391 1635 415 1674 et
432 1628 462 1674 nd
479 1627 571 1689 injurius
587 1628 713 1676 vicinorum
728 1626 827 1690 prorutis

159 1704 212 1738 narn
231 1694 314 1741 multus
330 1694 432 1740 civitates
449 1692 527 1740 Gsaeci
538 1693 634 1739 nominis
653 1691 720 1740 lunt
736 1691 830 1755 expule-

160 1762 224 1802 rant:
244 1764 347 1804 auctores
356 1773 446 1819 quoque
456 1772 516 1812 snos,
528 1755 641 1811 Lucanos,
651 1757 712 1805 bello
720 1758 829 1811 vioernnt,

160 1827 184 1867 et
200 1834 278 1882 psoem
294 1836 346 1867 oum
368 1822 404 1870 his
422 1823 493 1882 sequis
511 1822 599 1884 legibus
615 1822 723 1871 fecerunt.
754 1819 831 1869 Tnnts

159 1883 239 1932 feritss
249 1885 374 1932 animorum
385 1893 440 1942 erat,
456 1894 482 1933 ut
492 1902 535 1934 neo
545 1887 628 1948 origini
639 1902 686 1934 suae
697 1892 828 1949 puroerentt

161 1965 258 2012 numque
269 1948 356 1997 Lucani
367 1951 446 1998 iisdem
456 1952 544 2014 legibus
555 1950 636 1998 liberos
646 1967 707 2007 suos,
720 1951 801 2012 quibus
808 1956 830 1997 et

162 2015 273 2077 Spnrtsni,
292 2015 409 2062 instituere
425 2015 485 2063 soliti
507 2027 578 2063 erant.
611 2016 702 2079 Quippe
721 2017 749 2062 nb
767 2016 829 2062 initio

162 2080 285 2142 pubertatis
302 2080 327 2126 iu
342 2080 405 2126 silvis
422 2081 482 2127 inter
502 2087 603 2144 pastores
619 2082 766 2135 habebuntur,
784 2080 830 2127 siue

162 2145 288 2192 ministerio
298 2144 380 2199 servili,
391 2145 441 2191 sine
450 2146 521 2201 veste,
533 2161 600 2206 quam
608 2146 734 2200 induerent.
745 2145 786 2192 vel
795 2143 830 2192 oui

162 2209 309 2267 incubarent3
325 2215 352 2256 ut
362 2209 460 2271 oprimis
467 2210 532 2256 anuis
540 2211 628 2257 duritiae
635 2210 830 2271 parcimoniaeque

164 2272 214 2319 sine
231 2274 277 2321 ullo
291 2289 333 2320 usu
349 2274 417 2330 urbis,
434 2281 594 2323 assuescerent.
627 2274 698 2323 Cibus
709 2273 830 2335 hispraedt

163 2338 281 2395 venatics3
297 2345 364 2399 potus
383 2345 423 2385 aut
439 2338 504 2385 lactis
520 2346 559 2385 sut
577 2338 672 2386 fontium
685 2339 761 2398 liquor
777 2342 830 2386 erat.

165 2399 204 2448 Sic
215 2401 244 2447 nd
257 2401 344 2449 labores
359 2402 451 2449 bellicos
462 2402 626 2450 indursbautur.
659 2402 754 2449 Horum
763 2402 831 2465 igitur

165 2478 196 2510 ex
205 2479 299 2510 numero
310 2467 473 2528 quinquaginta
487 2468 559 2528 primo
575 2482 604 2514 ex
615 2469 676 2528 agris
685 2467 830 2513 finitimorum

165 2528 261 2588 predari
272 2528 332 2574 soliti
338 2546 347 2585 ;
364 2530 492 2576 confluente
500 2531 580 2578 deinde
590 2531 742 2586 multitudine,
750 2531 830 2578 sollici·

165 2592 208 2638 tuti
218 2589 301 2653 praedi,
312 2607 364 2638 cnm
378 2594 454 2655 plures
464 2593 517 2642 facti
527 2602 610 2649 essent,
622 2594 714 2642 infestes
729 2595 831 2658 regiones

166 2654 295 2704 reddebant
313 2654 393 2718 Inque
401 2657 511 2722 fatigatus
518 2659 614 2721 querelis
620 2659 734 2710 sociorum
742 2658 830 2719 Diony·
