1800 2942
81 180 180 231 Car.-71.
303 181 506 233 JUGURTHA.
707 192 738 237 st

79 312 148 359 rideat
151 329 159 370 3
172 327 261 360 rursum
269 310 407 374 Jugurtham
416 316 522 370 arbitrati,
530 329 581 362 cum
590 330 674 378 magno
680 332 738 378 gau<

80 378 174 424 doobvii
182 378 315 440 procedunt.
326 377 422 438 Equites
430 381 566 442 peditesque,
571 388 664 442 repente
671 382 738 443 signo

22 478 23 501 q
79 443 130 496 dato,
153 443 189 490 alii
209 442 305 504 volgum
326 441 422 490 effusum
443 446 525 507 oppido
542 447 645 504 caedere5
660 446 738 493 alliud

78 515 145 569 portas
162 507 289 564 festinare3‘
304 522 356 569 pars
366 510 434 556 turris
444 525 539 572 capere:
558 512 592 558 ira
602 518 669 573 atque
679 526 738 574 prae·

80 573 111 620 de
119 589 168 634 spes
179 573 277 634 amplius
287 588 355 633 quam
371 574 479 621 lassitudo
489 591 562 636 posse.
595 573 633 623 Its
643 574 738 639 Vagen-

22 642 23 651 ’
76 638 207 684 ω’δίἀυιιω
223 638 293 684 modo
308 651 341 683 ex
353 637 445 699 persidii
459 640 541 688 laetsti:
560 640 639 687 ciuitas
654 656 739 704 magua

77 710 98 749 st
105 703 196 765 opulens
206 717 285 764 poenae
294 712 376 750 cuncta
386 712 425 750 sut
434 705 518 766 praedae
528 704 583 753 fuito
613 704 736 768 Turpilius,

22 788 23 813 t
77 782 135 828 quem
145 765 279 829 praefectum
290 768 365 830 oppidi
375 783 445 815 unum
457 784 487 817 ex
497 771 600 818 omnibus
611 770 738 832 profugisse

76 848 136 895 supra
152 833 299 887 ostendimus,
316 833 395 894 jussus
414 850 428 880 a
446 834 544 887 Metello
554 850 644 882 causam
656 836 740 892 dicere,

77 906 188 959 postquam
200 913 250 944 sese
261 912 339 959 parum
350 908 469 959 expurgat,
485 900 647 948 condemnatus
658 901 736 947 verbo-

75 963 268 1025 rumque-capite
276 977 358 1024 poeaas
366 963 435 1010 solvit
441 982 451 1010 :v
468 979 520 1012 nam
531 966 553 1012 is
561 966 620 1013 ciuis
628 979 658 1012 ex
669 963 737 1013 Latio

103 1060 184 1140 Lxx,
199 1092 246 1139 Per
256 1092 315 1139 idem
327 1100 416 1157 tempus
427 1094 550 1150 Bomilcar,
562 1097 627 1158 cujus
638 1095 736 1157 impulsu

75 1155 183 1220 Jugurtha
194 1158 338 1211 deditionem,
350 1174 417 1219 quam
428 1168 492 1207 metu
500 1161 604 1223 deseruit,
615 1162 737 1223 inceperat,

22 1222 23 1255 l
69 1230 187 1285 crepemus
197 1223 253 1284 regi,
269 1231 293 1270 et
303 1223 351 1284 ipse
361 1239 412 1270 eum
424 1226 555 1286 suspiciens,
568 1240 639 1272 novas
650 1241 686 1272 res
696 1241 736 1272 cu-

22 1300 23 1305 ’
72 1300 136 1349 pere:
155 1289 184 1335 ad
194 1288 317 1349 perniciem
327 1289 376 1350 ejus
386 1289 463 1337 dolum
474 1304 591 1351 quaerere;
607 1290 645 1336 diu
656 1298 736 1337 noctu·

76 1368 113 1412 que
119 1353 215 1415 fatigare
222 1353 322 1399 animum
330 1370 335 1399 ι
344 1353 439 1416 denique
445 1355 522 1401 omnia
528 1355 642 1410 tentando,
650 1355 736 1402 socium

75 1416 483 1480 sibianjungithbdslsammominem
489 1419 736 1482 nobilemmagnisopi·

74 1481 195 1538 bracarum
203 1490 366 1543 acceptumque
373 1485 516 1547 popularibus
524 1485 583 1542 suis;
592 1486 630 1545 qui
639 1484 736 1546 plerum·

74 1562 113 1607 que
122 1563 223 1595 seorsum
232 1548 260 1594 ab
271 1555 326 1609 reg'e
336 1550 460 1596 exercitum
471 1550 570 1604 ductare,
581 1556 605 1595 et
616 1550 690 1597 omnis
700 1565 737 1597 res

75 1614 160 1674 exsequi
171 1613 252 1659 solitus
258 1621 313 1666 erat,
321 1628 373 1673 quae
384 1612 506 1676 Jugurthae
513 1615 583 1672 fesso,
595 1622 634 1662 aut
644 1615 734 1678 majori·

74 1675 229 1734 busadstricto,
241 1687 415 1739 superaverant:
429 1680 549 1741 exquoilli
557 1681 630 1743 gloria
638 1691 736 1743 opesque

75 1739 175 1790 iuventae.
206 1740 284 1804 Igitur
300 1743 416 1804 utriusque
425 1745 520 1792 consilio
535 1746 583 1792 dies
593 1747 679 1793 insidiis
689 1754 736 1794 sta-

23 1860 24 1863 ,
74 1807 149 1854 tumr:
168 1816 260 1863 caeters,
278 1808 309 1854 uti
329 1823 366 1854 res
382 1818 491 1869 posceret,
512 1825 540 1857 ex
551 1818 652 1874 tempore
662 1811 736 1873 parari

73 1871 157 1931 placuit.
179 1871 296 1919 Nabdalsa
301 1872 329 1919 ad
337 1875 461 1920 exercitum
470 1875 589 1936 proiectus,
601 1891 668 1938 quem
676 1878 736 1923 inter

74 1935 158 1984 liberm
168 1936 326 1984 Romanorum
337 1939 417 2000 jussus
427 1940 528 1995 habebat,
544 1957 574 1987 ue
585 1957 646 2003 ager,
657 1940 736 1988 inultis

74 1998 173 2057 loeson,
192 2009 325 2049 vastaretur.
359 2001 385 2049 Is
395 2013 520 2065 postquam,
536 2005 692 2068 magnitudine
701 2003 744 2057 sa-,

74 2065 148 2114 osma
163 2067 288 2129 perculsus,
310 2067 338 2114 ad
354 2074 443 2131 tempus
459 2085 505 2117 uon
525 2072 594 2125 venit,
617 2077 736 2130 metusque

23 2128 24 2135 ’
74 2143 115 2177 rem
134 2133 285 2193 impediebat3
303 2130 426 2192 Bomilcar,
449 2135 517 2181 simul
534 2135 628 2196 cupidus
646 2134 735 2195 incepta

23 2222 24 2253 ι
73 2198 182 2255 lustrandi
198 2206 222 2244 et
237 2197 319 2244 timore
334 2199 389 2245 socii
405 2200 493 2255 anxius,
510 2215 546 2254 ne,
563 2200 647 2247 omisso
657 2199 735 2247 vetere

24 2278 25 2317 1
73 2262 166 2316 coasilio,
178 2277 263 2309 novum
272 2271 389 2323 quaereret,
400 2264 477 2311 literas
483 2265 511 2311 ad
519 2279 571 2311 eum
581 2279 622 2326 per
631 2265 739 2311 homines

73 2321 137 2389 fidelis
147 2328 228 2374 mittit:
249 2327 365 2374 mollitiem
383 2329 551 2389 socordiamque
560 2329 603 2375 viri
614 2343 734 2384 ascusam
776 2356 779 2363 ι

74 2392 142 2437 testari
153 2390 226 2448 Deos,
234 2408 276 2453 per
285 2407 343 2453 quos
354 2394 494 2454 juravisset;
505 2394 598 2456 praemia
609 2393 698 2439 Metelli
709 2394 734 2439 in

74 2464 155 2513 mear,
170 2472 199 2504 ne
215 2465 375 2515 converteret;
392 2456 515 2519 Jugurthae
530 2459 623 2505 exitium
640 2457 734 2511 adesse;

24 2574 25 2587 q
73 2526 172 2567 &lerum
188 2521 272 2577 suine,-
282 2538 311 2569 an
328 2523 412 2570 virtute
424 2523 515 2570 Metelli
525 2523 614 2583 periret,
631 2521 654 2567 id
665 2519 734 2565 modo

73 2583 158 2643 witarit
177 2588 271 2650 proinde
286 2595 399 2650 reputaret
414 2602 467 2634 com
483 2587 559 2633 animo
570 2601 619 2641 suo,
640 2581 735 2644 proemia

71 2660 97 2697 δῦ
106 2651 226 2700 cruciatum
237 2653 322 2699 mallet.

99 2710 191 2777 LXXI·
209 2718 258 2793 Sed
267 2733 319 2777 cum
331 2718 452 2768 holtem
468 2715 550 2771 allatae,
562 2713 620 2763 sorte
633 2705 735 2758 Nabdal-
