1800 2942
143 194 176 241 00
376 186 577 239 JUGURTHA·
696 187 811 242 cass.

142 322 183 368 bes
193 320 253 374 fucit
272 334 323 382 pert
333 318 407 366 edocti
418 321 446 367 ab
457 320 578 374 nobilitate,
596 320 633 368 alii
644 319 719 368 studio
729 321 811 368 talium

142 401 218 433 serum
233 386 331 432 incitati:
341 386 401 446 'quis
414 394 466 432 acts
481 386 645 447 consiliumque
654 386 813 447 ignorantibus

142 451 253 505 tumultus
263 451 311 510 ipse
321 458 345 497 et
355 466 391 497 res
402 465 470 497 novae
481 451 534 497 satis
543 451 667 512 placebant

176 513 284 562 LXVII.
301 515 400 562 nonan
411 516 500 571 milites,
516 515 638 577 improviso
649 521 718 570 metu,
729 514 815 563 incerti

47 580 52 597 Ι
143 580 267 642 58⁰³quss
289 581 342 641 quid
361 581 510 641 potissumum
526 579 633 634 lacerent,
654 580 771 642 trepidare»
781 581 811 627 ,Α

144 658 219 692 arcem
234 645 317 707 oppidi,
336 645 372 691 abi
389 645 455 707 signs
471 653 494 692 et
510 653 572 692 scuta
584 651 661 692 erant:
680 646 815 707 praesidium

143 709 253 764 bostium,
268 717 341 772 portae
351 717 404 756 ante
414 711 497 757 clausae
507 709 585 772 fugam
596 710 756 772 prohibebant:
781 710 817 757 sd*

143 774 188 820 boc
204 774 308 821 mulieres
323 776 430 836 puerique
447 791 489 837 pro
503 777 570 823 tectis
585 773 731 822 aedificiorum
747 789 815 831 saxa,
890 808 891 813 ,

144 845 169 886 et
185 839 235 893 alia,
252 854 304 901 quae
316 840 380 886 locus
390 841 509 901 psaebebnt,
529 841 631 888 certatim
643 841 739 887 mittere.
772 838 815 888 Ita

144 917 218 963 raeque
228 904 302 951 caveri
313 918 395 966 anceps
410 906 503 960 annium,
522 919 596 967 neque
606 921 621 952 a
630 904 766 953 fortissumis
775 905 816 952 in-

144 966 280 1015 firmissumo
291 969 369 1030 generi
380 970 454 1016 resisti
464 985 544 1032 posses
559 972 627 1033 juxta
639 970 693 1016 boni
706 970 814 1032 malique,

146 1033 233 1080 suenui
251 1040 277 1080 et
295 1033 403 1088 imbelles,
424 1035 490 1081 inulti
507 1035 640 1083 obtruncati.
671 1032 701 1081 In
712 1033 739 1082 eti
749 1035 818 1084 tanti

145 1097 275 1159 asperitate,
294 1098 433 1146 saemssumis
449 1099 563 1154 Numidis,
582 1107 606 1146 et
622 1099 703 1162 oppido
715 1099 819 1161 undique*

145 1163 231 1220 clauso,
246 1161 363 1225 Turpilius
373 1178 432 1210 unus
450 1179 481 1212 ex
496 1164 599 1211 omnibus
616 1163 702 1211 Italicis
712 1164 816 1227 profugit

143 1228 256 1276 intactus:
276 1229 299 1275 id
309 1228 490 1276 misericordiine
500 1230 600 1291 hospitis,
617 1244 646 1276 an
656 1230 767 1291 pactione,
784 1245 816 1277 an

145 1307 200 1339 casu
214 1294 246 1340 ita
257 1294 363 1348 evenerit,
380 1309 458 1357 parum
470 1295 632 1356 comperimus3
651 1294 701 1348 nisi,
718 1295 772 1356 quia
781 1296 816 1342 illi

145 1359 170 1404 in
181 1366 244 1405 tanto
255 1360 315 1406 malo
326 1361 397 1421 turpis
407 1360 455 1406 vita
464 1358 525 1406 lami
538 1358 627 1423 integri
636 1362 717 1422 potior,
728 1360 823 1423 impin·

146 1423 188 1472 bus
199 1424 375 1484 intestabilisque
384 1424 481 1471 videtur.

179 1487 300 1537 LXVIII.
323 1489 439 1543 Metellus,
462 1496 580 1551 postquam
602 1490 630 1537 de
651 1490 716 1536 rebus
739 1489 824 1553 Vagae<

146 1555 203 1601 actis
216 1555 332 1615 comperit,
354 1554 465 1617 paulisper
481 1563 577 1602 moestus
588 1570 601 1601 e
612 1561 734 1617 conspectu
750 1557 813 1604 abit:
880 1607 882 1613 y

146 1616 233 1672 deindess
252 1621 288 1666 ubi
303 1621 336 1666 ira
349 1628 373 1666 et
383 1620 495 1681 aegritudo
506 1620 622 1681 permixta,
640 1634 691 1666 cum
707 1618 820 1669 maxuma

147 1681 201 1730 ouri
220 1684 292 1730 ultum
314 1685 347 1730 ire
368 1685 461 1746 injurias
481 1683 580 1732 festinat.
613 1683 814 1747 legionmcum

146 1747 192 1809 qui
213 1748 330 1800 hiemabat,
346 1756 376 1802 et,
392 1765 460 1809 quam
476 1750 584 1812 plurimos
600 1757 681 1812 potest,
699 1747 815 1798 Numidas

147 1812 234 1873 equites
245 1813 328 1872 parites
339 1827 390 1858 cum
401 1829 483 1861 occasu
495 1815 550 1862 solis
560 1815 676 1877 expeditos
686 1814 776 1863 educits
790 1824 819 1863 et'

147 1874 237 1941 posteri
252 1876 289 1922 die
299 1877 387 1923 circiter
396 1879 475 1925 horam
485 1880 575 1927 tertiam
586 1879 690 1941 pervenit
699 1879 723 1925 in
734 1895 816 1940 qnam.

147 1944 198 1990 dam
214 1941 336 2004 planitiem,
352 1942 409 1989 locis
424 1944 491 2005 paulo
507 1944 657 2007 superioribus
672 1943 817 1993 circumven-

147 2016 202 2054 tam.
235 2004 270 2054 Ibi
281 2006 364 2054 milites
374 2006 447 2054 sessos
458 2010 544 2057 itineris
554 2008 716 2070 magnitudine,
732 2015 757 2056 et
763 2011 821 2072 jam·

147 2072 265 2119 abnuentis
276 2072 358 2125 omnia,
370 2073 442 2126 docet,
450 2075 557 2137 oppidum
564 2073 653 2136 Vagam
660 2087 706 2120 non
717 2076 817 2137 amplius

122 2186 124 2191 ,
146 2137 209 2185 mille
218 2139 426 2199 passuumabesse:
445 2139 526 2186 decere
535 2139 586 2187 illos
596 2138 705 2199 reliquum
713 2138 823 2188 laborem·

147 2217 213 2262 aeqno
224 2204 299 2250 animo
309 2203 363 2264 pati,
371 2204 424 2249 dum
434 2220 476 2267 pro
487 2204 573 2251 civibus
583 2203 636 2257 suis,
645 2202 699 2249 viris
709 2202 826 2254 fortiam--

147 2268 277 2328 missique
298 2268 442 2325 miserrumis,
464 2282 545 2330 poenas
564 2276 684 2332 caperents
703 2277 821 2329 praeterea

147 2333 246 2393 praedam
258 2332 355 2394 benigne
363 2340 468 2380 ostentat.
494 2332 531 2380 Sic
540 2334 620 2380 animis
627 2347 705 2380 earnm
714 2338 818 2393 arrectis,

148 2398 234 2456 equites
251 2397 274 2442 in
287 2397 360 2459 primo
376 2399 428 2454 late,
444 2399 530 2461 pedites
546 2413 613 2459 quam
624 2398 758 2447 arctisanme
774 2402 818 2459 ire,

147 2462 214 2523 signa
224 2462 337 2508 occultare
342 2463 414 2525 jubet.

181 2525 278 2574 LXIX.
294 2525 415 2587 Vagenses
431 2527 468 2574 ubi
485 2528 584 2576 animum
602 2526 726 2582 advortire
750 2530 780 2577 ad
792 2548 827 2581 se

147 2607 240 2639 vorsum
248 2592 371 2639 exercitum
382 2607 493 2654 pergere;
510 2594 590 2655 primo.
602 2593 634 2640 uti
644 2600 693 2641 erat
704 2609 747 2647 res,
761 2594 822 2643 Me·

149 2657 227 2703 tellum
239 2658 286 2712 rati,
297 2663 374 2718 portas
384 2655 498 2704 clausere:
518 2659 605 2713 deinde,
617 2659 652 2704 ubi
664 2673 738 2719 neque
746 2673 819 2721 agros

149 2722 238 2782 tutari
255 2729 279 2771 et
296 2737 343 2778 eoa,
363 2723 401 2784 qui
412 2723 478 2786 primi
488 2723 587 2789 aderant,
604 2722 823 2785 Numidasequites.
