1800 2942
149 128 196 174 110
379 122 581 174 JUGURTHA.
702 123 764 175 Cn·
775 131 817 177 96.

143 270 186 319 pro
203 256 280 315 salute,
298 255 442 308 certantibus,
460 260 554 315 repente
572 268 585 300 a
605 261 672 316 tergo
690 256 758 317 signs
775 271 815 304 ca·

144 335 212 369 nere:
231 336 258 368 ac
269 321 341 382 primo
352 320 463 366 ¹mulieres
479 326 503 365 et
521 320 591 381 pueri,
609 320 647 380 qni
663 320 738 367 visum
758 324 814 384 pro·

145 395 265 439 cesserant,
277 385 371 447 sugere;
390 384 478 437 deinde
497 385 530 429 nti
541 385 635 444 quisque
645 399 710 431 muro
726 401 814 447 proxu-

141 466 197 498 mus
208 459 263 503 erat,
274 460 389 512 postremo
400 449 476 495 cuncti
487 450 567 495 armati
577 450 725 509 inermesque.
743 450 815 505 Quod

144 517 182 563 nbi
193 517 280 568 accidit,
301 531 328 561 eo
348 514 421 561 acrius
440 513 539 560 Romani
558 514 648 568 instare,
667 513 815 571 suntme

143 581 262 645 plerosque
273 579 428 627 tantummodo
444 579 550 632 sauciare,
567 578 618 625 dein
638 593 705 641 super
724 582 813 628 occiso·

143 661 193 692 rum
206 660 300 707 corpora
310 646 408 697 vadere;
426 644 485 690 aridi
496 642 584 705 gloriae,
597 651 710 690 certantes
720 660 814 693 murum

142 718 236 773 petere3
255 725 327 769 neque
348 710 481 770 quemquam
504 709 605 754 omnium
626 709 703 769 praeda
721 712 814 759 morari.

143 775 183 823 sie
193 775 252 823 forte
262 782 369 828 correcta,
382 773 451 820 Marii
467 773 582 820 temeritas
598 774 694 834 gloriam
705 775 814 839 exculpsi

144 840 238 888 invenit.
456 858 458 865 ·
780 862 783 869 ·

176 904 256 954 XCV.
280 903 401 959 Caeternm,
421 906 474 952 dum
491 919 518 953 ea
534 921 571 952 res
588 906 681 967 geritur,
693 904 723 952 L.
740 905 782 953 Sul

143 978 250 1033 quaestor,
268 985 319 1015 cum
331 985 415 1032 magno
425 972 564 1031 equitatn‘in
575 976 648 1016 cestra
659 971 737 1027 renit3
754 987 813 1033 quos
892 979 896 987 “

144 1035 177 1082 uti
188 1049 217 1081 ex
229 1034 297 1080 Latio
307 1043 330 1080 et
341 1050 354 1080 a
366 1036 432 1081 sociis
443 1042 542 1096 cogeret,
560 1034 642 1081 Romoe
653 1035 745 1082 relictus
755 1043 813 1083 erat.

144 1099 196 1154 Sed,
216 1100 320 1160 quoniam
331 1100 387 1146 tanti
399 1101 441 1147 viri
461 1115 496 1146 res
507 1100 637 1156 admonuit3
655 1099 762 1147 idoneum
772 1103 809 1147 vi·

143 1179 194 1211 sum
206 1173 247 1218 est,
268 1163 296 1210 de
306 1163 386 1211 naturai
396 1164 503 1226 cultuque
513 1166 562 1222 ejus
572 1165 649 1226 paucis
659 1164 748 1212 dicere:
759 1181 810 1214 me·

142 1244 189 1291 que
198 1231 258 1276 enim
270 1230 314 1276 elio
323 1230 375 1277 loco
385 1230 414 1275 de
425 1230 495 1276 Sulloe
506 1231 571 1276 rebus
582 1229 662 1275 dicturi
673 1244 753 1277 sumus
762 1249 767 1277 :
776 1236 812 1279 'et

143 1292 173 1341 L.
191 1295 293 1345 Sisenna,
312 1301 404 1356 optume
419 1305 443 1340 et
454 1294 633 1356 diligentissume
643 1294 755 1352 omnium,
772 1298 811 1358 qui

143 1373 182 1407 eas
202 1375 237 1406 res
254 1357 337 1414 dixere,
356 1365 494 1421 persecutus,
514 1374 592 1421 parum
612 1358 666 1404 mihi
683 1359 754 1407 libero
770 1377 811 1408 ore

142 1423 233 1471 locutus
243 1425 337 1471 videtur.
371 1423 446 1486 Igitur
461 1423 524 1470 Sulla
534 1424 609 1485 gentis
620 1424 726 1485 patricie,
744 1425 809 1473 fami·

141 1488 172 1536 iii
183 1505 253 1552 prope
259 1491 307 1550 jam
318 1487 429 1536 exstincti
436 1489 546 1551 majorum
558 1487 654 1548 ignaui,
663 1488 734 1536 literis
739 1491 809 1538 Gre-

143 1555 177 1601 cis
194 1563 261 1615 atque
278 1553 367 1601 Latinis
380 1556 446 1616 juxta
463 1561 530 1614 atque
546 1554 684 1600 doctissume
700 1556 809 1611 eruditus,

143 1620 219 1665 animo
230 1621 324 1679 ingenti,
342 1620 436 1681 cupidus
453 1618 601 1680 voluptatum,
619 1618 659 1664 sed
674 1618 756 1679 gloriae
768 1636 808 1670 cu-

141 1682 229 1746 pidior:
249 1684 296 1729 otio
313 1684 442 1739 luxurios03
460 1690 535 1731 tamen
547 1684 574 1729 ab
585 1683 683 1744 negotiis
693 1698 809 1745 nunquam

142 1748 247 1808 voluptas
259 1756 374 1800 remorata,
392 1750 435 1794 nisi
446 1748 506 1808 quod
516 1748 545 1794 de
556 1762 626 1794 uxore
639 1748 714 1808 potuit
724 1750 809 1798 hones·

142 1813 188 1859 tius
200 1812 301 1857 consuli:
321 1811 437 1867 facundus,
458 1812 557 1865 collidus,
574 1821 596 1857 et
612 1812 709 1859 amicitii
719 1811 806 1862 facilisz

143 1877 172 1924 ad
186 1876 310 1923 simulanda
328 1878 420 1940 negotia
439 1877 533 1924 altitudo
552 1877 637 1937 ingenii
656 1879 807 1927 incredibilis:

141 1943 263 1989 multorum
275 1956 356 1995 rerum,
373 1957 399 1988 nc
409 1957 515 1988 maxume
525 1941 633 2003 pecuniae,
644 1941 747 2004 largitor.
763 1944 809 1991 As-

141 2022 186 2070 que
195 2006 332 2053 felicissumo
343 2009 444 2053 omnium
456 2015 508 2053 ante
515 2007 604 2053 civilem
612 2007 737 2062 victoriam,
750 2014 809 2057 nu'n·

142 2087 210 2134 quam
222 2088 289 2133 super
303 2073 434 2118 industriam
450 2071 543 2118 fortuna
552 2070 607 2128 fuit3
625 2071 735 2132 innitique
745 2074 810 2121 dubi·

140 2135 342 2191 tavdreiortiorsn
353 2138 514 2183 felicioresset:
525 2135 810 2196 nsmposteaquoelecerit,

141 2203 251 2250 incertum
264 2203 341 2255 habeo,
352 2202 435 2264 pudeat
445 2202 519 2262 magis
532 2215 561 2247 an
577 2202 653 2262 pigeat
664 2202 788 2252 disserere:

175 2265 268 2315 xcvi.
298 2265 373 2327 Igitur
386 2267 454 2320 Sulla,
467 2275 570 2328 utsupra
583 2265 674 2319 dictum,
689 2275 810 2329 postquam

140 2329 165 2379 in
177 2331 278 2378 Africam
289 2341 357 2392 utque
368 2332 390 2377 in
403 2340 476 2377 castra
487 2331 556 2377 Marii
567 2345 618 2376 cum
630 2331 730 2392 equitatu
738 2335 811 2390 venit,

139 2397 203 2446 rudis
214 2405 279 2442 antea
295 2405 318 2442 et
334 2398 426 2457 ignarus
442 2396 501 2450 belli,
519 2396 694 2442 sollertissumus
708 2400 812 2446 omnium

140 2464 165 2510 in
176 2462 253 2524 prucis
271 2463 439 2522 tempestatibus
450 2460 524 2508 iactus
540 2468 582 2507 est.
615 2460 653 2506 Ad
668 2462 712 2508 hoc
728 2464 814 2512 milites

136 2527 239 2588 benigne
258 2526 382 2587 appellare3
406 2526 483 2572 multis
500 2526 637 2587 rogantibus,
660 2526 710 2573 aliis
727 2543 770 2589 per
787 2545 813 2577 se

138 2592 195 2656 ipse,
211 2591 263 2638 dare
273 2589 385 2647 beneficia,
396 2591 481 2637 inritus
497 2592 612 2652 accipere3
630 2593 670 2638 sed
684 2607 711 2639 en
725 2600 811 2655 prope·

141 2656 228 2707 rentlus
237 2671 305 2717 quam
316 2671 348 2705 aes
358 2663 463 2704 mutuum
474 2655 567 2721 reddere
573 2673 582 2715 ;
598 2656 648 2720 ipse
658 2656 686 2704 ab
696 2657 761 2725 nullo
772 2674 810 2708 re·
