1800 2942
149 121 199 166 264
278 101 415 168 srisrnu
431 114 569 166 ΜΝ.
587 114 684 167 eno.

150 245 219 295 ret=”
232 247 313 296 deinde
318 248 398 296 callide
405 248 523 303 subnectit,
537 246 822 312 “confictasbassseepi-

151 313 221 360 stolas
228 313 256 361 nd
266 314 414 375 experiendos
425 328 517 359 suorum
528 314 616 360 animos
626 328 684 361 esse.
701 312 821 362 Caeterum

149 378 245 425 salutern
256 394 319 425 suam
336 379 359 425 in
377 379 477 425 omnium
490 385 600 438 potestate
611 393 674 436 esse3
692 394 736 426 neo
748 381 820 425 Anti·

150 458 244 503 gonum,
262 459 304 490 nec
314 458 447 505 quemquam
459 443 548 498 ducum,
566 444 599 489 sic
613 443 672 489 rebe
682 443 783 498 vincere,
795 452 822 491 ut

149 508 232 569 ipsein
244 523 268 555 se
279 508 405 569 exemplum
415 509 538 569 pessimum
549 505 656 555 statuat”
690 506 747 554 Hoc
758 508 820 556 facto

152 580 175 618 et
186 573 209 618 in
220 574 324 635 praesenti
335 574 457 619 labantium
469 574 556 618 animos
567 572 665 625 retinuit,
681 580 706 618 et
720 574 745 619 in
755 572 821 620 futu·

151 651 202 682 rum
212 638 317 699 providit,
327 646 359 692 ut,
375 638 392 683 si
404 636 458 698 qnid
469 637 541 683 simile
551 638 674 690 accidisset,
695 652 741 684 non
757 653 783 684 se
793 639 822 685 ab

151 702 217 748 hoste
230 704 348 764 corrumpi,
370 701 410 749 sed
428 701 456 748 ab
471 701 528 748 duce
541 703 630 755 tentari,
649 702 818 749 arbitrarentur.

155 764 241 813 Omnes
253 768 323 827 igitur
338 781 428 829 opernm
444 780 508 813 suern
524 767 626 813 certatim
644 767 674 813 ad
695 767 822 814 custodium

153 830 231 877 salutis
241 833 289 892 ejus
299 830 404 878 offerunt.

186 893 221 940 II.
238 893 297 942 Cum
309 896 397 942 interim
410 894 542 958 Antigonus
561 911 613 942 cum
630 895 732 943 exercitu
743 911 822 958 super·

152 959 223 1013 venit,
238 960 360 1019 castrisque
375 961 461 1020 positis,
477 958 567 1021 posteri
577 961 613 1006 die
623 961 647 1007 in
658 962 730 1008 aciem
741 976 822 1023 proce·

154 1024 193 1069 dit.
227 1021 279 1070 Nec
290 1023 406 1070 Eumenes
416 1040 503 1071 moram
513 1024 669 1086 proeliofecit;
686 1026 726 1086 qui
737 1027 821 1082 victus,

152 1089 178 1134 in
196 1089 308 1135 munitum
325 1089 436 1149 quoddam
454 1091 570 1136 castellum
586 1089 699 1152 confugit:
721 1091 758 1136 ubi
770 1105 822 1137 cum

156 1153 243 1201 videret
262 1169 286 1200 se
303 1153 415 1200 fortunam
430 1154 550 1201 obsidionis
562 1156 693 1209 subiturum,
712 1157 821 1217 rnaJorenr

156 1219 269 1266 exercitis
278 1227 364 1281 purtem
375 1219 465 1274 dimisit,
484 1234 512 1265 ne
523 1227 562 1265 ant
572 1234 684 1266 consensu
696 1220 824 1266 multitudi-

155 1284 191 1330 nis
202 1284 260 1331 hosti
272 1284 401 1337 traderetur,
414 1291 453 1331 aut
463 1284 548 1330 obsidio
560 1283 608 1346 ipsi
614 1285 759 1331 multitudine
770 1300 823 1346 gra·

155 1355 255 1395 voretur.
285 1348 386 1411 Legatos
397 1348 478 1395 deinde
485 1342 516 1395 'ad
528 1349 681 1410 Antipatrum,
700 1351 740 1409 qui
760 1349 823 1396 solus

154 1428 195 1475 par
214 1413 324 1474 Antigoni
343 1414 427 1459 viribus
439 1413 562 1470 videbatur,
582 1415 694 1476 supplices
703 1415 822 1470 mittit;a

155 1493 263 1539 quocum
275 1478 357 1525 auxilia
368 1478 467 1525 Eumeni
478 1479 549 1526 missa
559 1478 692 1540 Antigonus
703 1479 824 1533 didicisset,

156 1544 185 1589 ab
195 1544 310 1590 obsidione
324 1544 422 1590 recessit.
454 1541 512 1590 Erat
525 1543 614 1603 quidem
626 1544 714 1590 solutus
725 1534 753 1589 nd
764 1549 822 1590 tem·

156 1622 198 1669 pus
209 1615 271 1654 metu
282 1610 361 1655 mortis
374 1607 500 1654 Eumenes:
520 1609 559 1654 sed
575 1623 617 1654 nec
627 1608 714 1662 salutis,
731 1608 823 1655 dimisso

156 1673 263 1726 exercitu,
274 1688 358 1734 magna
368 1688 418 1735 spes
429 1680 483 1719 erat
516 1672 601 1719 Omnia
611 1672 682 1734 igitur
692 1673 823 1734 circumspi-

149 1735 225 1781 cienti
235 1737 344 1798 optimum
350 1738 423 1784 visum
434 1745 475 1792 est,
483 1737 510 1784 ad
517 1738 642 1784 Alexandri
653 1737 737 1799 Magni
745 1739 824 1799 Argy-

157 1799 263 1861 raspidas,
275 1800 382 1848 invictum
390 1803 519 1859 exercitum,
531 1810 555 1849 et
562 1810 597 1849 tot
608 1803 753 1849 victoriarum
760 1816 821 1864 prae·

156 1864 366 1927 fulgentemglorid,
378 1866 503 1914 decurrere.
536 1867 823 1929 SedArgyrmpidenpost

158 1930 321 1982 Alexandrum,
332 1946 411 1978 omnes
422 1933 490 1979 duces
500 1932 646 1987 fastidiebant,
658 1932 773 1978 sordidam
781 1932 823 1977 mi·

157 1994 227 2044 litium
241 1996 282 2042 sub
299 1996 354 2050 aliis,
373 2004 424 2058 post
439 1998 496 2044 tanti
513 1999 573 2060 regis
590 1998 730 2052 memoriam,
747 1996 824 2043 existi·

117 2094 123 2104 .
158 2067 254 2107 mantes.
285 2058 365 2122 Itaque
376 2061 492 2109 Eumenes
508 2062 664 2109 blandimentis
678 2076 754 2124 agere,
771 2076 823 2122 aup-

157 2125 245 2187 pliciter
261 2126 364 2187 singulos
382 2127 474 2187 alloqui,
502 2143 562 2173 nunc
583 2127 749 2173 commilitones
764 2139 824 2178 suos,

159 2204 219 2237 nunc
230 2198 335 2252 patronos
343 2192 463 2253 appellans,
475 2207 535 2238 nunc
543 2192 692 2253 periculorum
701 2199 823 2253 etoperum

148 2253 309 2301 ¹Orientalium
321 2257 406 2313 socios3
420 2271 480 2302 nunc
490 2255 576 2318 refugia
587 2257 664 2303 salutis
672 2271 727 2311 suae,
739 2263 763 2302 et
773 2254 822 2301 uni·

160 2333 187 2364 ca
198 2320 300 2378 praesidia
310 2335 502 2368 commemorans:
522 2321 582 2368 solos
596 2336 652 2376 esse,
670 2335 766 2380 quorum
778 2319 823 2365 rir-

161 2390 210 2427 tute
217 2383 299 2428 Oriens
306 2384 335 2429 sit
343 2385 456 2442 domitum
466 2387 536 2443 solos,
546 2387 584 2447 qui
593 2386 694 2432 militiam
702 2383 779 2430 Liberi
787 2397 823 2445 ps-

160 2447 207 2498 tris,
216 2446 255 2505 qui
260 2445 367 2495 Herculis
374 2449 650 2512 monimentasuperdrintr
659 2448 823 2511 perbosAlex·

161 2509 255 2556 andrum
266 2510 379 2573 Magnum
386 2513 487 2573 lactum}
502 2531 542 2577 per
548 2517 597 2569 hos,
604 2515 691 2562 divinos
699 2515 823 2560 bonoreset

159 2574 307 2622 immortalem
323 2577 419 2638 gloriam
437 2587 598 2628 consecutumz
617 2585 674 2635 orat,
683 2586 711 2626 ut
722 2585 823 2625 nontam

148 2638 240 2697 mrem
256 2654 288 2697 ae,
305 2656 372 2702 quam
383 2645 559 2693 commilitonem
577 2644 692 2708 recipiant,
711 2654 841 2714 unumque·
