1800 2942
221 192 358 245 JUSTINI
374 192 473 243 Lars
492 193 552 245 Car.
565 199 603 244 13.
702 199 748 246 17³

75 331 205 376 vertuntur.
238 323 268 371 In
280 323 325 387 qud
335 325 484 388 trepidatione
500 326 578 373 multae
589 325 749 388 captae‘naver,

77 392 160 440 mirltae
178 405 274 447 mersae5
291 391 367 453 plures
384 397 534 446 tamennon
550 392 625 438 minus
641 393 751 439 saevitiam

78 458 141 520 regis
152 470 219 516 quam
231 457 319 503 hostem
331 456 445 511 timentes,
455 457 547 503 domum
557 457 691 504 dilabuntur.

113 518 192 577 XIIL
209 519 262 567 Hac
279 520 342 567 clade
358 521 494 581 perculsum,
511 529 535 568 et
550 522 642 568 dubium
655 522 752 579 consilii,

81 586 179 634 Xerxen
185 585 322 632 Mardonius
332 585 470 646 aggreditur.
488 585 609 642 Hortatur,
620 587 644 633 in
655 601 752 649 regnum

80 653 152 704 abest,
164 648 258 711 nequid
272 650 389 697 seditionis
405 658 497 697 moveat
512 650 574 698 fama
589 651 677 699 adversi
693 652 753 708 belli,

80 718 105 764 in
118 716 199 777 majus,
211 715 276 761 sicuti
293 730 343 762 mos
353 722 395 771 est
412 716 489 762 omnia
505 716 633 764 extollens:
653 718 694 763 sibi
708 724 754 764 tre·

82 787 150 829 centa
160 780 230 827 millia
246 787 382 827 armatorum
397 780 459 827 lecta
477 796 507 827 ex
522 782 754 845 omnibuscopiisre·
821 793 824 802 ‘

81 846 185 906 linquat:
205 842 250 905 qud
268 860 337 892 manu
354 852 393 892 aut
403 861 456 892 cnm
466 845 540 908 glorid
551 845 599 910 ejus
615 847 753 909 perdomitu-

83 926 135 958 rum
146 925 173 957 ae
189 910 320 968 Graeciam3
337 917 382 966 aut,
400 911 419 957 si
437 911 502 957 aliter
520 920 615 960 eventus
630 911 695 967 ferat,
707 912 757 959 sine

83 975 186 1039 ejusdem
205 972 298 1022 infamis
316 976 417 1023 hostibus
434 992 558 1024 cessurum.
589 977 689 1025 Probato
700 992 756 1024 con-

84 1040 144 1094 silio,
166 1039 289 1088 Msrdouio
307 1042 419 1088 exercitus
438 1043 545 1089 traditur:
564 1043 661 1103 reliquas
679 1043 757 1104 copias

84 1120 127 1153 rex
142 1105 192 1185 ipse
209 1105 315 1153 reducere
335 1106 359 1152 in
381 1121 478 1167 regnum
499 1116 570 1170 parat.
602 1109 648 1155 Sed
670 1107 756 1163 Graeci,

84 1170 163 1217 audita
173 1170 234 1232 regis
248 1168 310 1233 fugi,
329 1171 448 1217 consilium
459 1172 539 1219 ineunt
548 1173 625 1233 pontis
635 1173 757 1219 interrum-

84 1235 161 1298 pendi,
173 1249 240 1296 quem
251 1235 289 1282 ille
301 1234 391 1297 Abydo,
402 1235 473 1283 veluti
490 1237 563 1284 victor
572 1237 646 1290 maris,
657 1236 757 1295 fecerat3

85 1308 118 1355 ut,
130 1299 255 1347 intercluso
265 1300 345 1357 reditu,
356 1308 395 1348 aut
406 1316 458 1348 cum
469 1302 568 1348 exercitu
581 1302 697 1356 deleretur,
710 1310 759 1359 aut,

86 1365 245 1428 desperatione
259 1367 341 1420 rerum,
353 1381 432 1427 pacem
447 1366 522 1423 rietus
539 1373 616 1428 petere
633 1374 760 1429 cogeretur.

86 1430 134 1478 Sed
142 1429 316 1486 Themistocles,
327 1432 418 1489 timens,
429 1447 459 1478 ne
466 1432 581 1479 interclusi
592 1431 669 1478 hostes
680 1430 759 1492 despe-

87 1496 199 1546 rationem
217 1496 241 1542 in
251 1496 359 1543 virtutem
376 1504 496 1552 verterent,
511 1503 535 1543 et
548 1497 597 1552 iter,
615 1496 676 1557 quod
694 1498 759 1545 aliter

87 1575 136 1607 non
147 1567 240 1623 pateret,
257 1559 316 1608 ferro
335 1561 503 1623 patefacerent3
520 1562 573 1609 satis
589 1562 673 1608 multos
684 1562 761 1610 hostes

86 1625 112 1672 in
125 1623 220 1673 Graecid
235 1640 352 1674 remanere
367 1627 479 1682 dictim,
497 1642 539 1673 nec
551 1627 630 1689 augeri
641 1642 762 1674 numerum

88 1690 208 1737 retinendo
227 1696 347 1754 oportere3
364 1707 417 1738 oum
438 1694 530 1739 vincere
551 1693 645 1740 consilio
667 1700 764 1740 caeteroa‘

88 1770 137 1802 non
147 1761 233 1817 posset,
245 1756 348 1802 eumdem
368 1772 458 1804 servum
474 1758 503 1804 ad
519 1756 615 1804 Xerxen
625 1759 700 1814 mittit,
712 1774 763 1806 cer·

88 1820 218 1881 tioremque
228 1820 315 1867 consilii
331 1820 399 1879 facit3
417 1830 441 1869 et
458 1838 568 1885 occupare
582 1824 701 1871 transitum
712 1839 761 1871 ma-

89 1882 143 1931 turi
152 1883 210 1947 fugd
215 1885 287 1947 jubet
320 1884 370 1942 Ille,
389 1888 505 1950 perculsus
522 1890 609 1943 nuntio,
620 1890 688 1936 tradit
698 1889 762 1935 duci·

89 1950 134 1997 bus
150 1950 234 1998 milites
280 1951 417 1999 rducendos:
436 1954 485 2016 ipse
502 1969 553 2000 cum
570 1955 648 2017 paucis
663 1954 763 2014 Abydon

91 2015 218 2062 contendit.
291 2016 298 2061 i
309 2032 361 2064 curn
372 2017 470 2065 solutum
481 2027 574 2081 pontem
592 2019 690 2065 hibernis
704 2026 763 2065 tem-

90 2080 218 2142 pestatibus
228 2079 364 2138 offendisset,
376 2083 495 2146 piscatorii
509 2081 591 2146 scapbd
606 2083 706 2144 trepidus
717 2090 763 2129 tra·

87 2145 168 2209 jecit*
192 2144 251 2193 Erat
272 2161 308 2194 res
327 2148 455 2210 spectaculo
474 2149 549 2211 digna,
569 2153 593 2194 et
614 2148 766 2195 aestirnntione

91 2209 162 2258 sortis
173 2210 285 2266 bumanae,
297 2227 372 2260 rerum
388 2213 498 2260 varietate
513 2212 627 2268 miranda,
645 2213 670 2258 in
680 2214 764 2276 exiguo

91 2273 202 2322 latentem
212 2276 290 2323 videre
300 2278 398 2339 navigio,
414 2293 483 2340 quem
494 2278 561 2340 paulo
572 2284 625 2324 ante
635 2278 675 2325 vix
685 2293 765 2340 aequor

92 2354 162 2388 omne
184 2340 299 2403 capiebst3
322 2350 437 2390 carentem
464 2344 532 2390 etiam
560 2344 621 2389 omni
648 2358 766 2390 servorum

92 2405 226 2461 ministerio,
253 2408 318 2469 cujus
344 2409 455 2455 exercitus
481 2415 574 2469 propter
598 2408 766 2455 multitudinem

92 2469 161 2518 terris
182 2485 265 2533 graves
281 2479 351 2520 erant
384 2472 436 2519 Nec
455 2473 593 2535 pedestribus
612 2474 691 2535 copiis,
710 2488 767 2533 quas

92 2534 189 2582 ducibus
210 2536 372 2599 assignarent
397 2536 486 2585 felicius
511 2539 555 2585 iter
572 2537 630 2585 faite
656 2538 766 2599 siquidem

93 2600 226 2661 quotidiano
240 2601 311 2649 labori
330 2604 491 2667 (nequeenim
509 2604 555 2651 ulla
571 2610 606 2649 eat
616 2601 768 2649 metuentibus

93 2663 171 2726 quies)
189 2667 257 2714 etiarn
272 2666 345 2715 fames
366 2675 498 2716 accesserat.
537 2668 665 2716 Multorum
687 2665 769 2711 deinde

54 2771 58 2786 s
91 2729 182 2781 dierum
193 2732 270 2797 inopia
279 2739 423 2784 conuunat
432 2740 457 2783 et
466 2739 569 2799 pestem:
587 2738 694 2794 tantaque
700 2728 769 2777 ioedi-

498 2802 541 2851 αθ
