1800 2942
120 183 167 227 164
270 172 408 224 JUSTINI
425 173 480 221 Lu·
490 171 524 221 11.
542 172 602 222 Car.
613 176 637 221 ⁶.

119 309 191 356 servis
206 305 372 369 prceliandum3
388 319 430 351 nec
446 318 568 357 summm,
588 304 629 351 sed
647 303 797 352 dominorum

115 376 169 438 jure
188 371 326 418 vincendos:
343 371 436 417 verbera
451 371 476 416 in
497 370 578 426 aciem,
600 384 646 416 non
666 370 718 424 tela,
737 369 795 416 affe-

121 439 207 494 renda,
224 439 352 497 omissoque
371 434 437 488 ferro,
454 436 531 496 virgas
541 449 567 480 ao
582 433 679 497 flagella,
697 442 795 482 caetera·

122 520 167 565 que
186 501 272 549 servilis
290 501 364 547 mettis
386 499 484 562 paranda
498 500 655 546 instrumenta.
692 498 797 547 Probato

122 584 202 616 omues
212 566 313 621 consilio,
321 566 425 613 instructi
443 565 502 611 sicut
512 572 650 627 praeceptum
661 573 717 617 eret,
729 572 797 626 post·

122 649 190 696 quam
209 632 238 679 nd
256 632 343 678 hostem
365 628 487 686 accessere,
509 630 677 692 inopinantibus
700 631 797 678 verbera

122 701 250 746 intentant:
270 697 371 756 adeoque
389 695 440 743 illos
456 695 606 757 perculerunt,
619 702 653 753 ut,
664 710 722 757 quos
733 694 798 744 ferro

123 779 170 811 non
180 770 293 825 poterant,
312 771 375 808 metu
385 762 504 808 verberum
515 761 645 818 vincerent3
660 760 797 822 fugamque,

123 844 171 876 non
183 836 208 874 ut
218 828 295 874 hostes
312 828 373 880 victi,
394 827 434 874 sed
452 835 479 872 ut
496 825 588 888 fugitivi
604 826 672 880 servi,
689 840 797 888 capeme

124 901 182 941 rent.
218 892 363 952 Quicumque
373 892 422 954 capi
432 898 561 955 potuerunt,
573 890 682 953 supplicis
692 891 799 939 crucibus

123 959 222 1007 luerunt.
253 956 364 1003 Mulieres
382 972 479 1018 quoque,
498 956 558 1003 mule
573 956 615 1003 sibi
624 956 731 1010 consciae,
743 971 798 1016 par-

124 1025 166 1070 tim
177 1020 243 1076 ferro,
262 1023 343 1082 partim
362 1023 490 1084 suspendio,
509 1021 703 1069 viumnnierune
738 1019 800 1070 Post

125 1089 175 1136 hsec
189 1102 234 1150 pax
251 1086 310 1148 opud
330 1087 426 1148 Scythas
435 1087 486 1143 fuit,
506 1102 578 1149 usque
589 1094 690 1150 tempora
701 1084 799 1148 Iuncyri

126 1153 194 1215 regis.
235 1151 298 1198 Huic
321 1151 416 1210 Darius,
435 1166 476 1200 rex
499 1150 628 1207 Persarum,
650 1153 709 1199 sicut
729 1167 800 1214 supra

126 1219 211 1265 dictum
223 1225 266 1275 est,
277 1233 329 1265 cum
341 1217 393 1264 iiliae
412 1220 461 1280 ejus
480 1218 569 1281 nuptias
588 1232 634 1265 non
652 1218 799 1273 obtinuisset,

124 1283 208 1331 bellum
219 1284 309 1330 intulit:
328 1292 352 1330 et
361 1284 452 1330 armatis
462 1284 612 1345 septingentis
618 1282 717 1329 millibus
725 1283 802 1329 homi-

125 1364 181 1396 nurn
200 1350 316 1410 Scythiam
332 1351 454 1411 ingressus,
475 1363 522 1395 non
543 1348 676 1395 ferientibus
697 1348 803 1396 hostibus

175 1430 211 1462 nae
233 1421 374 1475 potestatem,
392 1420 503 1467 metuens,
526 1428 562 1470 ne,
585 1414 710 1475 interrupto
729 1422 802 1475 ponte

142 1482 190 1534 stri,
209 1480 294 1527 reditus
310 1481 351 1526 sibi
367 1479 560 1532 intercluderetur,
581 1479 669 1526 amissis
681 1480 802 1542 octoginta

127 1546 226 1593 millibus
244 1546 369 1598 hominurn,
390 1544 491 1606 trepidus
513 1543 612 1606 refugit3
634 1558 687 1603 quae
701 1546 802 1607 jactura,

127 1611 254 1658 abundante
270 1611 419 1664 multitudine,
438 1610 498 1655 inter
516 1609 598 1655 damna
618 1616 737 1656 numeratu
753 1625 802 1657 nou

127 1683 171 1723 est.
204 1674 262 1721 Inde
284 1676 362 1722 Asiam
385 1681 409 1721 et
427 1674 587 1721 Macedoniam
606 1673 709 1720 domuit:
730 1672 802 1722 Ionas

128 1754 218 1801 quoque
225 1740 299 1786 navali
310 1741 390 1801 proelio
401 1747 498 1801 superat.
532 1738 624 1786 Deinde
634 1738 730 1800 cognito
740 1740 804 1802 quod

128 1805 282 1853 Athenienses
308 1803 379 1852 Ioniis
406 1804 514 1851 auxilium
538 1814 617 1851 contra
638 1819 664 1851 se
685 1804 800 1861 tulissent,

129 1884 221 1917 omnem
232 1869 341 1930 impetum
350 1870 403 1916 belli
414 1872 437 1916 in
445 1885 485 1917 eos
495 1869 615 1917 convertit.

163 1932 209 1980 v1.
226 1933 302 1989 Nune,
320 1935 426 1995 quonium
437 1936 466 1981 ad
475 1935 534 1982 bella
549 1934 724 1982 Atheniensium
744 1951 802 1983 ven·

128 2008 179 2047 turn
189 2006 232 2054 est,
248 2014 300 2061 quae
317 2015 362 2047 non
380 2001 449 2047 modo
465 2001 524 2048 ultre
534 2015 596 2062 spem
608 2000 711 2062 gerendi,
722 2016 803 2048 verum

129 2067 198 2114 etiam
224 2066 284 2112 ultra
304 2066 363 2128 gesti
384 2063 460 2120 tidem,
482 2073 574 2127 peracta
596 2072 665 2121 sunt;
690 2080 805 2128 operaque

130 2131 305 2180 Atheniensium
316 2130 397 2178 effectu
408 2132 494 2193 majora
503 2145 570 2192 quam
581 2127 713 2185 votofuere,
725 2133 806 2193 paucis

130 2196 192 2243 urbis
214 2197 279 2258 origo
298 2197 419 2258 repetenda
440 2201 488 2243 est:
513 2195 565 2257 quia
586 2210 639 2248 non,
664 2201 690 2242 ut
711 2204 806 2245 caeterae

130 2267 221 2323 gentes,
239 2262 362 2308 usurdidis
379 2261 448 2307 initiis
468 2261 497 2308 ad
514 2275 602 2307 summa
620 2256 722 2307 erevdre.
756 2262 806 2310 Soli

130 2326 199 2380 enim,
210 2333 359 2388 praeterquam
369 2327 515 2382 incremento,
527 2327 595 2372 etiem
602 2325 691 2387 origine
700 2325 805 2388 glorian·

130 2397 176 2437 tur.
211 2391 301 2452 Quippe
320 2406 366 2438 non
390 2391 491 2444 advenae,
513 2406 586 2451 neque
604 2390 687 2452 passim
707 2391 806 2439 collecta

130 2455 206 2518 populi
224 2454 333 2501 colluvies
348 2455 459 2517 originem
470 2455 519 2502 urbi
530 2456 607 2512 dedit3
624 2455 665 2501 sed
674 2455 757 2502 eodem
768 2459 806 2504 iu·

132 2520 180 2565 nati
192 2519 247 2574 solo,
259 2520 319 2580 quod
330 2520 446 2577 incolunt;
463 2529 488 2567 et
505 2534 556 2581 quae
573 2521 618 2566 illis
635 2519 706 2574 sedes,
724 2522 805 2570 eadem

132 2585 199 2646 origo
212 2591 255 2631 est.
288 2582 360 2630 Primi
369 2584 468 2640 lanificii,
483 2593 507 2632 et
517 2585 567 2639 olei,
585 2585 668 2631 etvini
682 2600 750 2632 usum
764 2587 805 2634 do·

132 2645 208 2697 suere.
240 2649 314 2696 Arare
329 2664 426 2710 quoque,
438 2656 462 2696 et
472 2665 546 2697 serere
560 2648 679 2704 frumenta,
695 2650 806 2712 glandem

131 2715 275 2763 vescentibus
291 2712 454 2763 monstrarunt.
486 2713 572 2763 Literse
582 2723 645 2763 certe
654 2713 807 2773 aesmundi&
