1800 2942
151 149 183 197 74
390 134 596 189 JUGURTHA.
706 135 769 187 (iar.
779 141 822 188 45.

182 268 277 321 XLIV.
294 268 341 319 Set
360 268 397 317 ubi
413 268 439 315 in
459 267 563 316 Africam
581 267 652 322 venit,
668 267 786 315 exercitus
802 269 824 316 ei

149 339 244 388 traditur
256 335 295 399 Sp.
304 334 383 383 Albini
393 349 434 396 pro
445 332 540 381 consule
549 330 617 386 iners,
629 332 732 389 imbellis,
745 349 824 395 neque

150 403 242 470 periculi
259 415 332 462 neque
349 399 432 446 loboris
450 399 545 460 patiens,
561 394 640 459 lingum
659 412 729 458 quom
752 413 824 446 manu

150 469 267 534 promtior,
283 465 395 528 praedator
406 477 436 511 ex
446 464 522 518 sociis,
535 470 558 509 et
568 462 616 524 ipse
625 462 702 524 praeda
712 462 824 520 bostium,

150 537 201 584 sine
222 531 315 594 imperio
334 536 358 577 ct
377 525 488 576 modestii
510 527 606 574 babitus.
637 524 674 574 lta
690 528 823 590 imperatori

150 615 213 648 novo
223 597 274 660 plus
285 610 315 644 ex
332 594 398 643 malis
413 593 513 641 moribus
528 591 690 647 sollicitudinis,
706 608 775 654 quam
792 608 825 642 ex

152 661 217 726 copiti
227 661 324 709 militum
335 659 412 707 auxilii
422 666 463 707 eut
473 657 520 720 spei
531 657 604 713 bont,
615 657 742 705 accedebat.
770 658 825 706 Sta.

152 730 197 778 tuit
208 736 284 775 tamen
295 724 405 772 Metellus
422 725 570 787 (quamquam
588 730 611 769 et
622 722 754 770 aestivorum
763 732 826 771 tem·

151 809 196 858 pus
209 792 352 841 comitiorum
363 803 427 836 mora
443 788 595 843 imminuerat,
611 800 635 834 et
653 789 826 850 exspectatione

151 859 229 921 eventi
248 857 332 904 civium
351 854 439 903 animos
455 853 556 899 intentos
573 849 677 913 putabat)
695 867 743 900 uon
759 854 827 915 prius

150 924 235 981 bellum
246 922 366 983 attingere,
382 932 457 979 quam,
473 918 584 980 majorum
599 915 723 979 disciplini,
739 918 827 967 milites

151 989 253 1041 laborare
263 985 389 1048 coipisset:
408 997 461 1031 nom
478 982 583 1036 Albinus,
599 981 655 1028 Auli
670 980 747 1030 fratris
757 998 828 1031 exer.

152 1053 256 1113 citusque
273 1050 336 1097 clsde
351 1048 475 1110 perculsus,
491 1054 610 1107 postquam
629 1046 760 1094 decreverat
775 1063 827 1099 nors

153 1117 231 1180 egredi
247 1112 373 1179 provincii,
389 1120 499 1172 quantum
520 1111 629 1172 temporis
651 1112 782 1159 aestivorum
799 1113 827 1163 in

153 1182 247 1246 imperio
257 1179 309 1237 luit,
325 1178 458 1240 plerumque
470 1175 554 1222 milites
565 1176 654 1222 stativis
664 1177 745 1223 castris
755 1177 828 1224 babe-

152 1249 206 1305 bst3
224 1246 267 1293 nisi
277 1258 329 1292 cum
341 1242 404 1296 otios,
423 1248 464 1301 aut
479 1239 553 1302 pabuli
570 1247 668 1302 egestas,
684 1239 761 1288 locum
772 1256 828 1290 mu.

153 1319 202 1372 me
223 1311 349 1373 subegerat
386 1305 432 1354 seo
455 1320 527 1365 neque
540 1319 603 1352 more
624 1304 715 1352 militari
738 1306 828 1368 vigiliae

153 1376 332 1425 deuncebanturs
353 1370 387 1418 uti
402 1370 484 1431 cuique
494 1370 597 1427 lubebst„
608 1370 635 1415 ab
653 1370 725 1432 signis
740 1372 828 1423 eberat.

113 1496 115 1501 .
153 1436 222 1490 lixae
232 1437 337 1504 permixti
353 1451 405 1483 cum
420 1434 528 1482 militibus
539 1435 575 1482 die
585 1441 699 1496 noctuque
709 1436 829 1499 vagaban-

152 1514 197 1562 tur,
214 1513 238 1553 et
246 1505 348 1568 palantes
359 1516 427 1564 egros
437 1507 534 1556 vastare,
550 1498 616 1547 villos
627 1514 766 1562 expugnare,
785 1518 828 1565 pe.

153 1571 213 1623 coris
224 1578 247 1618 et
258 1568 421 1630 mancipiorum
431 1565 520 1627 praedas
530 1571 644 1613 certantes
653 1579 738 1627 agere;
754 1581 829 1627 eaque
866 1589 872 1601 ·

153 1643 242 1683 mutere
260 1648 313 1681 cum
335 1630 497 1679 mercatoribus
515 1629 570 1676 vino
589 1630 719 1685 advectitio,
735 1638 760 1677 et
776 1632 830 1683 aliis

153 1700 254 1749 tclibus:
273 1704 389 1761 praeteres,
408 1695 547 1742 frumentum
564 1694 652 1756 publice
671 1694 749 1741 datum
769 1712 829 1744 veu-

153 1766 213 1820 dere,
229 1776 311 1825 panem
322 1762 346 1808 iu
357 1761 405 1808 dies
416 1760 524 1807 mercari:
542 1767 665 1820 postremo,
676 1774 830 1822 quecumque

153 1830 198 1877 dici
209 1836 249 1875 aut
258 1826 316 1889 tingi
326 1834 413 1887 queunt
423 1825 522 1903 ignaviae
536 1823 678 1885 luxuriaeque
695 1824 786 1886 probra,
803 1828 829 1877 iu

152 1893 193 1943 illo
203 1893 305 1941 exercitu
315 1898 397 1938 cuncte
406 1888 478 1944 suere,
489 1897 513 1936 et
523 1889 566 1935 alis
577 1888 680 1950 amplius.
825 1926 827 1931 .

186 1955 268 2007 XLV.
284 1957 330 2004 Sed
348 1956 373 2002 in
391 1953 419 2000 eb
435 1954 565 2000 difficultate
581 1951 704 2000 Metellum
720 1967 768 2000 non
783 1956 830 2013 mis

153 2039 204 2081 nus,
216 2037 284 2087 quam
296 2022 320 2068 iu
331 2021 398 2069 rebus
409 2019 533 2074 hostilibus,
544 2032 653 2080 magnum
664 2025 688 2064 ct
698 2018 829 2079 sapientem

152 2091 228 2140 sirum
238 2086 308 2134 luisse
319 2085 452 2147 comperior,
470 2081 533 2130 tanti
548 2079 696 2144 temperantii
706 2083 766 2130 inter
777 2098 847 2131 nm-⁴

151 2155 261 2205 bitionetn
280 2147 611 2210 saevitismquemoderatum:
635 2161 733 2208 nemque
752 2149 831 2197 edicto

152 2219 252 2283 primum
263 2216 393 2279 adjumenta
403 2213 503 2276 ignaue
520 2212 645 2267 sustulisse,
661 2227 691 2259 ne
708 2211 830 2272 quisquam

151 2285 177 2335 in
192 2282 272 2330 castris
289 2295 378 2343 panem,
398 2286 437 2325 aut
459 2290 526 2338 quem
545 2277 614 2323 aliurn
634 2283 724 2323 coctum
743 2277 830 2337 cibum,

151 2348 277 2404 venderet3
294 2361 324 2393 ne
333 2345 388 2392 lixoe
399 2344 523 2390 exercitum
535 2348 698 2402 sequerentur;
715 2356 745 2387 ne
761 2343 831 2391 miles

153 2411 307 2478 gregoriusin
319 2410 405 2463 castris,
422 2423 481 2454 neve
493 2407 516 2453 in
528 2408 627 2468 agmine,
638 2420 730 2454 servum
741 2414 783 2454 sut
788 2409 830 2470 ju«,

152 2486 255 2529 mentum
278 2477 385 2531 beberet3
411 2473 501 2520 cacteris
519 2478 581 2519 arcte
598 2471 691 2519 modum
713 2473 832 2521 statuisse.

152 2542 269 2593 Praetereu
287 2539 423 2599 transvorsis
438 2537 555 2585 itineribus
572 2536 672 2599 quotidie
686 2543 760 2591 costra
777 2553 831 2584 mo·

152 2624 213 2667 vere,
224 2609 295 2671 juxta
309 2621 335 2654 ac
353 2606 373 2652 si
389 2605 467 2650 hostes
483 2603 594 2659 adessent,
611 2602 671 2650 vallo
682 2608 749 2663 atque
765 2601 832 2651 fossa

152 2673 248 2732 munic,
264 2672 354 2735 vigilias
364 2670 455 2721 crebras
471 2683 563 2733 ponere,
580 2674 604 2717 et
619 2668 668 2734 ipse
681 2681 734 2722 cum
744 2667 832 2732 legatis
