1800 2942
134 134 183 183 ste
279 126 414 179 JUSTINI
431 126 485 177 Ius.
495 124 553 176 XV.
569 126 628 178 Osa.
640 126 664 176 l.

136 261 250 310 celeritate
260 259 361 307 desertm
368 265 435 313 essct,
444 258 506 306 solus
514 259 582 322 siper
589 258 712 305 immensas
722 258 814 306 mnae

136 342 186 375 rum
205 326 277 373 moles
297 325 377 371 cursile
394 339 470 371 comes
488 322 538 370 fuit
571 323 641 378 Quod
655 322 716 370 idem
734 328 810 370 antea

137 392 256 454 Philippus
266 389 333 436 frater
346 390 395 451 ejus
405 404 456 436 eum
467 387 541 435 iacere
551 387 667 443 voluisset,
683 388 746 434 iuter
755 403 813 434 ωα-

137 472 182 505 nus
197 457 258 518 regis
275 455 432 517 exspiraverat.
464 453 509 500 Sed
520 451 682 514 Lysimachum
698 452 814 500 desiliens

139 537 197 583 equo
212 521 341 567 Alexander
356 520 427 566 hastae
437 517 529 581 cuspide
537 522 570 565 ita
579 518 603 564 in
613 517 689 565 fronte
699 518 812 565 vulnera·

138 588 180 640 vit,
191 595 217 633 ut
227 586 320 646 sanguis
330 584 394 630 aliter
404 583 464 629 cludi
474 597 520 629 non
530 591 613 644 posset,
625 596 693 643 quam
704 582 813 629 diadem

141 652 182 698 nbi
193 651 294 702 demtum
305 664 352 704 rex,
367 649 474 710 alligandi
487 647 586 695 vulneris
596 646 670 701 causi,
681 647 752 709 capiti
760 648 812 708 ejus

140 717 278 777 imponeret:
298 714 359 775 quod
369 714 491 775 auspicium
501 714 598 774 primum
609 711 692 775 regalis
702 713 813 774 maJesta-

140 781 171 827 tis
182 779 319 841 Lysimacho
329 778 380 826 fuit.
412 778 458 826 Sed
468 784 491 824 et
501 785 553 839 post
563 784 661 824 mortem
674 776 811 833 Alexandri,

141 860 193 891 curn
209 846 267 890 inter
283 858 423 890 successores
438 844 488 905 ejus
505 843 627 904 provinciae
648 841 812 896 dividerentur,

141 909 287 957 ferocissimae
297 917 384 970 gentes,
401 908 464 969 quasi
477 910 576 954 omniurn
587 906 718 962 fortissimo,
734 907 811 969 assig-

142 981 202 1021 nata
213 979 278 1019 sunt:
294 973 356 1028 adeo,
376 973 443 1019 etism
456 987 568 1020 consensu
577 973 740 1026 universorum,
762 972 811 1035 psl-

142 1053 202 1085 mam
213 1038 303 1084 virtutis
313 1036 371 1084 inter
381 1046 477 1085 caeteros
488 1037 545 1084 tulit.
789 1037 793 1043 ’

145 1132 148 1137 -
175 1100 220 1149 IV.
238 1101 371 1164 Priusquam
385 1103 469 1149 bellum
485 1103 545 1151 iuter
561 1102 713 1163 Ptolemaeum
724 1101 810 1150 socios·

143 1182 189 1229 que
198 1169 248 1232 ejus
259 1168 365 1215 adversus
377 1168 520 1230 Antigonum
530 1168 717 1225 committeretur,
728 1182 809 1229 repen-⁴

143 1241 168 1280 te
178 1246 208 1280 ex
216 1231 272 1280 Anii
282 1235 366 1296 majore
376 1233 490 1295 digressus
502 1232 616 1288 Seleucus,
627 1247 701 1280 nouus
709 1232 809 1296 Antigo-

144 1314 176 1346 no
186 1299 257 1345 hostis
271 1305 402 1345 accesserat.
433 1297 511 1360 Hujus
522 1312 610 1359 quoque
624 1304 647 1344 et
657 1299 731 1344 virtus
741 1297 808 1352 clara,

144 1371 168 1411 et
178 1364 243 1425 origo
258 1363 392 1409 admirabilis
407 1361 464 1421 iuit3
482 1364 590 1423 siquidem
605 1369 678 1409 mater
688 1364 737 1426 ejus
748 1361 810 1409 Lao-

145 1429 201 1483 dice,
218 1443 269 1474 cum
279 1435 349 1489 nupta
359 1433 419 1479 esset
430 1427 550 1484 Antiocho,
568 1428 627 1474 claro
640 1428 700 1474 inter
712 1426 810 1489 Philippi

145 1493 214 1540 duces
229 1494 285 1548 viro,
301 1493 351 1540 visa
367 1499 401 1539 est
417 1494 459 1539 sibi
474 1506 514 1555 per
530 1493 628 1553 quietem
644 1506 674 1539 ex
689 1492 810 1539 concubitu

145 1558 259 1619 Apollinis
275 1558 418 1620 concepisse;
435 1557 595 1620 gravidamque
615 1557 704 1612 iactam,
727 1570 810 1604 munus

145 1623 283 1676 concubitus,
300 1623 408 1670 annulum
419 1638 433 1670 a
444 1622 498 1669 Deo
506 1624 624 1685 accepisse,
636 1624 660 1668 in
670 1624 735 1684 cujus
745 1637 809 1684 gem·

145 1684 184 1733 md
195 1701 277 1733 ancora
285 1688 372 1750 sculpta
381 1696 453 1735 esset:
469 1689 576 1749 iussaque
583 1689 667 1735 donum
678 1686 733 1740 iilic,
744 1700 809 1747 quem

145 1751 275 1813 peperisset,
290 1751 350 1799 dare
383 1753 545 1800 Admirabilem
559 1752 613 1799 iecit
628 1753 689 1799 bunc
699 1753 773 1799 visum
787 1758 810 1798 et

146 1815 248 1870 annulus,
259 1816 296 1876 qui
307 1815 397 1878 posteri
407 1818 449 1874 die,
467 1819 567 1880 ejusdem
578 1818 705 1879 sculpturae,
717 1818 741 1863 in
752 1817 810 1862 lecto

145 1881 252 1927 inventus
262 1887 310 1937 est;
323 1889 347 1927 et
354 1881 427 1944 ligura
437 1898 532 1939 ancorae,
544 1898 594 1943 quse
605 1883 629 1929 in
638 1881 726 1928 femore
732 1881 810 1928 Seleu*

145 1947 167 1992 ci
178 1953 230 1992 nata
240 1960 292 1992 cum
303 1946 352 2008 ipso
361 1948 456 2009 parvulo
465 1948 515 1995 tuli.
548 1946 701 2001 Quamobrem
712 1946 810 1994 Laodice

147 2011 254 2058 annulum
270 2011 365 2058 Seleuco
381 2013 443 2059 eunti
459 2029 511 2060 cum
527 2012 660 2059 Alexandro
676 2012 766 2074 Magno
782 2014 810 2060 ad

147 2075 263 2123 Persicam
273 2076 382 2133 militiam,
393 2078 474 2125 edocto
485 2080 512 2125 de
523 2077 610 2139 origine
618 2075 665 2132 sui,
677 2078 750 2125 dedit:
765 2079 809 2134 ubi,

50 2158 56 2169 ¹
146 2149 199 2202 post
209 2150 305 2188 mortem
312 2142 443 2199 Alexandri,
455 2150 563 2205 occupato
573 2157 644 2205 regno
653 2142 759 2198 Orientis,
771 2156 809 2190 ur·

147 2205 199 2252 bem
220 2207 325 2262 condidit,
347 2209 421 2269 ibique
442 2209 541 2269 gemina
562 2208 657 2269 originis
678 2208 808 2255 memoriam

148 2272 303 2317 consecrarit:
322 2287 375 2319 nam
392 2280 416 2319 et
426 2275 503 2320 urbem
520 2286 549 2319 ex
566 2272 673 2319 Antiochi
690 2275 759 2334 patris
769 2288 809 2320 no-

149 2333 211 2380 mine
231 2335 377 2384 Antiochiam
394 2338 492 2392 vocavit,
512 2346 535 2384 et
553 2351 644 2399 campos
660 2338 748 2384 vicinos
762 2339 809 2385 urbi

149 2398 250 2459 Apollini
261 2400 349 2447 dicavit
382 2402 484 2465 Originis
503 2403 550 2464 ejus
568 2410 726 2464 argumentum
744 2404 809 2449 etiam

148 2461 173 2506 in
183 2464 278 2522 posteris
287 2467 370 2512 mansit
375 2483 383 2524 ;
401 2468 510 2527 siquidem
518 2466 557 2514 filil
566 2474 704 2528 nepotesque
713 2468 762 2529 eJus
769 2482 808 2514 an·

149 2539 225 2572 coram
243 2527 267 2573 in
285 2527 378 2585 femore,
394 2532 465 2579 veluti
480 2539 557 2578 notam
572 2532 664 2593 generis
679 2533 809 2588 naturalem,

149 2588 252 2638 habuire,
285 2592 362 2640 Multa
375 2594 400 2641 in
418 2595 520 2650 Oriente,
538 2605 590 2658 post
605 2595 737 2642 divisionem
754 2597 810 2645 inter

148 2656 223 2703 socios
233 2658 298 2720 regui
309 2658 459 2716 Macedonici,
470 2661 529 2708 bella
539 2661 616 2722 gessit.
640 2659 756 2726 Principio
764 2661 809 2710 Ba·¹
