<?xml version="1.0" encoding="UTF-8"?>
<!DOCTYPE html PUBLIC "-//W3C//DTD XHTML 1.0 Transitional//EN"
    "http://www.w3.org/TR/xhtml1/DTD/xhtml1-transitional.dtd">
<html xmlns="http://www.w3.org/1999/xhtml" xml:lang="en" lang="en">
 <head>
  <title>
</title>
<meta http-equiv="Content-Type" content="text/html;charset=utf-8" />
  <meta name='ocr-system' content='tesseract 3.04.00' />
  <meta name='ocr-capabilities' content='ocr_page ocr_carea ocr_par ocr_line ocrx_word'/>
</head>
<body>
  <div class='ocr_page' id='page_1' title='image "./quaeintegrasupe00grongoog_0140.png"; bbox 0 0 1800 2942; ppageno 0'>
   <div class='ocr_carea' id='block_1_1' title="bbox 140 94 813 188">
    <p class='ocr_par' dir='ltr' id='par_1_1' title="bbox 140 94 813 188">
     <span class='ocr_line' id='line_1_1' title="bbox 140 94 813 188; baseline -0.003 -2"><span class='ocrx_word' id='word_1_1' title='bbox 140 141 187 187; x_wconf 76' lang='lat'>112</span> <span class='ocrx_word' id='word_1_2' title='bbox 370 94 572 188; x_wconf 69' lang='lat' dir='ltr'>susumus.</span> <span class='ocrx_word' id='word_1_3' title='bbox 696 133 813 186; x_wconf 70' lang='lat' dir='ltr'>Cur-99.</span> 
     </span>
    </p>
   </div>
   <div class='ocr_carea' id='block_1_2' title="bbox 131 265 815 2737">
    <p class='ocr_par' dir='ltr' id='par_1_2' title="bbox 137 265 815 706">
     <span class='ocr_line' id='line_1_2' title="bbox 138 265 815 331; baseline -0.003 -15"><span class='ocrx_word' id='word_1_4' title='bbox 138 268 267 331; x_wconf 69' lang='lat' dir='ltr'>pugnantis,</span> <span class='ocrx_word' id='word_1_5' title='bbox 277 266 306 316; x_wconf 83' lang='lat' dir='ltr'>&#39;sb</span> <span class='ocrx_word' id='word_1_6' title='bbox 316 275 382 331; x_wconf 79' lang='lat' dir='ltr'>tergo</span> <span class='ocrx_word' id='word_1_7' title='bbox 393 268 572 315; x_wconf 74' lang='lat' dir='ltr'>circumveniret</span> <span class='ocrx_word' id='word_1_8' title='bbox 590 270 664 327; x_wconf 75' lang='lat' dir='ltr'>usquc</span> <span class='ocrx_word' id='word_1_9' title='bbox 675 265 756 323; x_wconf 82' lang='lat' dir='ltr'>virtus,</span> <span class='ocrx_word' id='word_1_10' title='bbox 768 279 815 314; x_wconf 82' lang='lat' dir='ltr'>ne·</span> 
     </span>
     <span class='ocr_line' id='line_1_3' title="bbox 138 331 814 396; baseline -0.001 -16"><span class='ocrx_word' id='word_1_11' title='bbox 138 349 183 395; x_wconf 81' lang='lat' dir='ltr'>que</span> <span class='ocrx_word' id='word_1_12' title='bbox 190 348 252 381; x_wconf 73' lang='lat' dir='ltr'>arma</span> <span class='ocrx_word' id='word_1_13' title='bbox 262 335 317 381; x_wconf 80' lang='lat' dir='ltr'>satis</span> <span class='ocrx_word' id='word_1_14' title='bbox 327 340 419 396; x_wconf 79' lang='lat' dir='ltr'>tegere3</span> <span class='ocrx_word' id='word_1_15' title='bbox 436 333 498 394; x_wconf 80' lang='lat' dir='ltr'>quod</span> <span class='ocrx_word' id='word_1_16' title='bbox 505 334 582 379; x_wconf 84' lang='lat' dir='ltr'>hostes</span> <span class='ocrx_word' id='word_1_17' title='bbox 592 346 687 378; x_wconf 78' lang='lat' dir='ltr'>numero</span> <span class='ocrx_word' id='word_1_18' title='bbox 700 331 779 392; x_wconf 83' lang='lat' dir='ltr'>plures</span> <span class='ocrx_word' id='word_1_19' title='bbox 788 340 814 379; x_wconf 79' lang='lat' dir='ltr'>ct</span> 
     </span>
     <span class='ocr_line' id='line_1_4' title="bbox 139 396 813 459; baseline -0.004 -14"><span class='ocrx_word' id='word_1_20' title='bbox 139 399 238 459; x_wconf 84' lang='lat' dir='ltr'>undique</span> <span class='ocrx_word' id='word_1_21' title='bbox 249 398 389 445; x_wconf 72' lang='lat' dir='ltr'>circumfusis</span> <span class='ocrx_word' id='word_1_22' title='bbox 409 398 505 459; x_wconf 82' lang='lat' dir='ltr'>denique</span> <span class='ocrx_word' id='word_1_23' title='bbox 520 396 621 444; x_wconf 76' lang='lat' dir='ltr'>Romani</span> <span class='ocrx_word' id='word_1_24' title='bbox 633 403 731 452; x_wconf 79' lang='lat' dir='ltr'>veteres,</span> <span class='ocrx_word' id='word_1_25' title='bbox 743 398 813 443; x_wconf 83' lang='lat' dir='ltr'>novi·</span> 
     </span>
     <span class='ocr_line' id='line_1_5' title="bbox 139 461 814 526; baseline -0.003 -15"><span class='ocrx_word' id='word_1_26' title='bbox 139 477 191 526; x_wconf 80' lang='lat' dir='ltr'>que,</span> <span class='ocrx_word' id='word_1_27' title='bbox 212 471 235 510; x_wconf 84' lang='lat' dir='ltr'>st</span> <span class='ocrx_word' id='word_1_28' title='bbox 251 464 281 510; x_wconf 91' lang='lat' dir='ltr'>ob</span> <span class='ocrx_word' id='word_1_29' title='bbox 290 479 318 511; x_wconf 81' lang='lat' dir='ltr'>cs</span> <span class='ocrx_word' id='word_1_30' title='bbox 328 464 424 511; x_wconf 87' lang='lat' dir='ltr'>scientes</span> <span class='ocrx_word' id='word_1_31' title='bbox 434 462 494 518; x_wconf 73' lang='lat' dir='ltr'>belli,</span> <span class='ocrx_word' id='word_1_32' title='bbox 512 462 532 508; x_wconf 91' lang='lat' dir='ltr'>si</span> <span class='ocrx_word' id='word_1_33' title='bbox 546 476 603 523; x_wconf 89' lang='lat' dir='ltr'>quos</span> <span class='ocrx_word' id='word_1_34' title='bbox 620 461 684 509; x_wconf 90' lang='lat' dir='ltr'>locus</span> <span class='ocrx_word' id='word_1_35' title='bbox 694 469 736 508; x_wconf 83' lang='lat' dir='ltr'>sut</span> <span class='ocrx_word' id='word_1_36' title='bbox 745 476 814 509; x_wconf 74' lang='lat' dir='ltr'>censs</span> 
     </span>
     <span class='ocr_line' id='line_1_6' title="bbox 139 526 814 591; baseline -0.003 -15"><span class='ocrx_word' id='word_1_37' title='bbox 139 531 292 591; x_wconf 72' lang='lat' dir='ltr'>conjunxerat,</span> <span class='ocrx_word' id='word_1_38' title='bbox 324 529 384 575; x_wconf 72' lang='lat' dir='ltr'>orbIs</span> <span class='ocrx_word' id='word_1_39' title='bbox 407 527 496 575; x_wconf 79' lang='lat' dir='ltr'>facere:</span> <span class='ocrx_word' id='word_1_40' title='bbox 521 534 589 587; x_wconf 74' lang='lat' dir='ltr'>etque</span> <span class='ocrx_word' id='word_1_41' title='bbox 607 526 640 574; x_wconf 78' lang='lat' dir='ltr'>itu</span> <span class='ocrx_word' id='word_1_42' title='bbox 657 526 685 573; x_wconf 79' lang='lat' dir='ltr'>ub</span> <span class='ocrx_word' id='word_1_43' title='bbox 706 526 814 574; x_wconf 84' lang='lat' dir='ltr'>omnibus</span> 
     </span>
     <span class='ocr_line' id='line_1_7' title="bbox 137 591 814 657; baseline -0.004 -16"><span class='ocrx_word' id='word_1_44' title='bbox 137 594 237 657; x_wconf 73' lang='lat' dir='ltr'>partibus</span> <span class='ocrx_word' id='word_1_45' title='bbox 255 594 322 641; x_wconf 88' lang='lat' dir='ltr'>simul</span> <span class='ocrx_word' id='word_1_46' title='bbox 334 594 388 640; x_wconf 88' lang='lat' dir='ltr'>tecti</span> <span class='ocrx_word' id='word_1_47' title='bbox 399 600 423 641; x_wconf 87' lang='lat' dir='ltr'>et</span> <span class='ocrx_word' id='word_1_48' title='bbox 432 592 537 640; x_wconf 76' lang='lat' dir='ltr'><strong>instructi</strong></span> <span class='ocrx_word' id='word_1_49' title='bbox 552 592 651 639; x_wconf 82' lang='lat' dir='ltr'>hostiurn</span> <span class='ocrx_word' id='word_1_50' title='bbox 661 591 709 639; x_wconf 81' lang='lat' dir='ltr'>vim</span> <span class='ocrx_word' id='word_1_51' title='bbox 720 598 814 639; x_wconf 71' lang='lat' dir='ltr'>susten·</span> 
     </span>
     <span class='ocr_line' id='line_1_8' title="bbox 139 660 224 706; baseline -0.012 0"><span class='ocrx_word' id='word_1_52' title='bbox 139 660 224 706; x_wconf 74' lang='lat' dir='ltr'>tabunt.</span> 
     </span>
    </p>

    <p class='ocr_par' dir='ltr' id='par_1_3' title="bbox 133 720 815 2525">
     <span class='ocr_line' id='line_1_9' title="bbox 171 720 814 784; baseline 0 -14"><span class='ocrx_word' id='word_1_53' title='bbox 171 721 293 772; x_wconf 78' lang='lat' dir='ltr'>XCVIII.</span> <span class='ocrx_word' id='word_1_54' title='bbox 310 723 393 784; x_wconf 85' lang='lat' dir='ltr'>Neque</span> <span class='ocrx_word' id='word_1_55' title='bbox 404 724 427 769; x_wconf 90' lang='lat' dir='ltr'>in</span> <span class='ocrx_word' id='word_1_56' title='bbox 438 729 521 769; x_wconf 85' lang='lat' dir='ltr'>ectum</span> <span class='ocrx_word' id='word_1_57' title='bbox 529 736 609 784; x_wconf 76' lang='lat' dir='ltr'>aspero</span> <span class='ocrx_word' id='word_1_58' title='bbox 617 720 711 783; x_wconf 77' lang='lat' dir='ltr'>negotio</span> <span class='ocrx_word' id='word_1_59' title='bbox 719 721 814 770; x_wconf 82' lang='lat' dir='ltr'>territus</span> 
     </span>
     <span class='ocr_line' id='line_1_10' title="bbox 139 780 812 851; baseline -0.007 -14"><span class='ocrx_word' id='word_1_60' title='bbox 139 789 236 844; x_wconf 80' lang='lat' dir='ltr'>Murius,</span> <span class='ocrx_word' id='word_1_61' title='bbox 248 797 287 836; x_wconf 81' lang='lat' dir='ltr'>aut</span> <span class='ocrx_word' id='word_1_62' title='bbox 297 790 378 851; x_wconf 70' lang='lat' dir='ltr'>inagis,</span> <span class='ocrx_word' id='word_1_63' title='bbox 392 800 459 849; x_wconf 80' lang='lat' dir='ltr'>quum</span> <span class='ocrx_word' id='word_1_64' title='bbox 475 795 548 842; x_wconf 74' lang='lat' dir='ltr'>nntcu,</span> <span class='ocrx_word' id='word_1_65' title='bbox 556 787 654 834; x_wconf 77' lang='lat' dir='ltr'>demisso</span> <span class='ocrx_word' id='word_1_66' title='bbox 665 780 742 833; x_wconf 61' lang='lat' dir='ltr'>inimo</span> <span class='ocrx_word' id='word_1_67' title='bbox 751 785 812 844; x_wconf 75' lang='lat' dir='ltr'>Iuit3</span> 
     </span>
     <span class='ocr_line' id='line_1_11' title="bbox 138 851 813 914; baseline -0.006 -12"><span class='ocrx_word' id='word_1_68' title='bbox 138 855 179 903; x_wconf 86' lang='lat' dir='ltr'>sed</span> <span class='ocrx_word' id='word_1_69' title='bbox 190 869 241 901; x_wconf 88' lang='lat' dir='ltr'>cnm</span> <span class='ocrx_word' id='word_1_70' title='bbox 252 852 327 901; x_wconf 79' lang='lat' dir='ltr'>turmi</span> <span class='ocrx_word' id='word_1_71' title='bbox 337 851 384 908; x_wconf 69' lang='lat' dir='ltr'>sul,</span> <span class='ocrx_word' id='word_1_72' title='bbox 396 868 463 913; x_wconf 80' lang='lat' dir='ltr'>quum</span> <span class='ocrx_word' id='word_1_73' title='bbox 474 867 504 900; x_wconf 89' lang='lat' dir='ltr'>ex</span> <span class='ocrx_word' id='word_1_74' title='bbox 513 851 649 899; x_wconf 83' lang='lat' dir='ltr'>fortissumis</span> <span class='ocrx_word' id='word_1_75' title='bbox 657 852 733 913; x_wconf 81' lang='lat' dir='ltr'>magis</span> <span class='ocrx_word' id='word_1_76' title='bbox 742 862 813 914; x_wconf 78' lang='lat' dir='ltr'>qum</span> 
     </span>
     <span class='ocr_line' id='line_1_12' title="bbox 138 916 815 981; baseline -0.004 -15"><span class='ocrx_word' id='word_1_77' title='bbox 138 919 325 967; x_wconf 72' lang='lat' dir='ltr'>familiarissumis</span> <span class='ocrx_word' id='word_1_78' title='bbox 342 925 465 981; x_wconf 77' lang='lat' dir='ltr'>pamveret,</span> <span class='ocrx_word' id='word_1_79' title='bbox 483 918 561 979; x_wconf 75' lang='lat' dir='ltr'>rugari</span> <span class='ocrx_word' id='word_1_80' title='bbox 579 917 679 979; x_wconf 74' lang='lat' dir='ltr'>pusrirn3</span> <span class='ocrx_word' id='word_1_81' title='bbox 695 930 723 963; x_wconf 85' lang='lat' dir='ltr'>uc</span> <span class='ocrx_word' id='word_1_82' title='bbox 741 916 815 967; x_wconf 75' lang='lat' dir='ltr'>mods</span> 
     </span>
     <span class='ocr_line' id='line_1_13' title="bbox 138 981 813 1037; baseline -0.006 -5"><span class='ocrx_word' id='word_1_83' title='bbox 138 984 289 1034; x_wconf 73' lang='lat' dir='ltr'>laborantibus</span> <span class='ocrx_word' id='word_1_84' title='bbox 322 983 369 1029; x_wconf 88' lang='lat' dir='ltr'>suis</span> <span class='ocrx_word' id='word_1_85' title='bbox 401 997 538 1037; x_wconf 78' lang='lat' dir='ltr'>succurrere,</span> <span class='ocrx_word' id='word_1_86' title='bbox 566 981 635 1028; x_wconf 82' lang='lat' dir='ltr'>modo</span> <span class='ocrx_word' id='word_1_87' title='bbox 662 981 742 1036; x_wconf 84' lang='lat' dir='ltr'>bostis,</span> <span class='ocrx_word' id='word_1_88' title='bbox 773 982 813 1028; x_wconf 88' lang='lat' dir='ltr'>ubi</span> 
     </span>
     <span class='ocr_line' id='line_1_14' title="bbox 139 1045 814 1103; baseline -0.003 -7"><span class='ocrx_word' id='word_1_89' title='bbox 139 1048 306 1096; x_wconf 75' lang='lat' dir='ltr'>confertissumi</span> <span class='ocrx_word' id='word_1_90' title='bbox 323 1047 463 1103; x_wconf 79' lang='lat' dir='ltr'>obstiterunt,</span> <span class='ocrx_word' id='word_1_91' title='bbox 473 1047 592 1094; x_wconf 74' lang='lat' dir='ltr'>Invaderer</span> <span class='ocrx_word' id='word_1_92' title='bbox 611 1060 680 1092; x_wconf 83' lang='lat' dir='ltr'>msnu</span> <span class='ocrx_word' id='word_1_93' title='bbox 690 1045 814 1094; x_wconf 78' lang='lat' dir='ltr'>consulere</span> 
     </span>
     <span class='ocr_line' id='line_1_15' title="bbox 138 1111 813 1174; baseline -0.003 -14"><span class='ocrx_word' id='word_1_94' title='bbox 138 1114 252 1168; x_wconf 86' lang='lat' dir='ltr'>militibus,</span> <span class='ocrx_word' id='word_1_95' title='bbox 269 1114 375 1173; x_wconf 84' lang='lat' dir='ltr'>quonism</span> <span class='ocrx_word' id='word_1_96' title='bbox 394 1112 514 1174; x_wconf 79' lang='lat' dir='ltr'>imperare,</span> <span class='ocrx_word' id='word_1_97' title='bbox 533 1111 670 1160; x_wconf 74' lang='lat' dir='ltr'>conturbetis</span> <span class='ocrx_word' id='word_1_98' title='bbox 697 1112 813 1166; x_wconf 80' lang='lat' dir='ltr'>omnibus,</span> 
     </span>
     <span class='ocr_line' id='line_1_16' title="bbox 139 1176 814 1240; baseline -0.003 -14"><span class='ocrx_word' id='word_1_99' title='bbox 139 1192 185 1226; x_wconf 82' lang='lat' dir='ltr'>son</span> <span class='ocrx_word' id='word_1_100' title='bbox 196 1185 292 1240; x_wconf 76' lang='lat' dir='ltr'>poterut.</span> <span class='ocrx_word' id='word_1_101' title='bbox 324 1176 422 1239; x_wconf 82' lang='lat' dir='ltr'>Jamque</span> <span class='ocrx_word' id='word_1_102' title='bbox 432 1178 480 1224; x_wconf 89' lang='lat' dir='ltr'>dies</span> <span class='ocrx_word' id='word_1_103' title='bbox 491 1184 624 1224; x_wconf 78' lang='lat' dir='ltr'>consumtus</span> <span class='ocrx_word' id='word_1_104' title='bbox 634 1182 691 1230; x_wconf 68' lang='lat' dir='ltr'>erut,</span> <span class='ocrx_word' id='word_1_105' title='bbox 706 1191 760 1224; x_wconf 87' lang='lat' dir='ltr'>cum</span> <span class='ocrx_word' id='word_1_106' title='bbox 775 1183 814 1224; x_wconf 81' lang='lat' dir='ltr'>ts·</span> 
     </span>
     <span class='ocr_line' id='line_1_17' title="bbox 137 1241 812 1303; baseline -0.001 -14"><span class='ocrx_word' id='word_1_107' title='bbox 137 1256 190 1290; x_wconf 83' lang='lat' dir='ltr'>men</span> <span class='ocrx_word' id='word_1_108' title='bbox 205 1243 291 1290; x_wconf 79' lang='lat' dir='ltr'>bsrbsri</span> <span class='ocrx_word' id='word_1_109' title='bbox 305 1243 360 1289; x_wconf 88' lang='lat' dir='ltr'>nihil</span> <span class='ocrx_word' id='word_1_110' title='bbox 369 1244 484 1289; x_wconf 76' lang='lat' dir='ltr'>remittere</span> <span class='ocrx_word' id='word_1_111' title='bbox 490 1259 499 1300; x_wconf 91' lang='lat'>;</span> <span class='ocrx_word' id='word_1_112' title='bbox 516 1249 591 1303; x_wconf 83' lang='lat' dir='ltr'>utque,</span> <span class='ocrx_word' id='word_1_113' title='bbox 602 1241 636 1288; x_wconf 84' lang='lat' dir='ltr'>uti</span> <span class='ocrx_word' id='word_1_114' title='bbox 646 1254 714 1302; x_wconf 78' lang='lat' dir='ltr'>reges</span> <span class='ocrx_word' id='word_1_115' title='bbox 723 1255 812 1303; x_wconf 78' lang='lat' dir='ltr'>praece·</span> 
     </span>
     <span class='ocr_line' id='line_1_18' title="bbox 136 1304 813 1372; baseline -0.006 -16"><span class='ocrx_word' id='word_1_116' title='bbox 136 1316 223 1372; x_wconf 70' lang='lat' dir='ltr'>perant,</span> <span class='ocrx_word' id='word_1_117' title='bbox 245 1314 335 1355; x_wconf 86' lang='lat' dir='ltr'>noctem</span> <span class='ocrx_word' id='word_1_118' title='bbox 353 1324 395 1371; x_wconf 87' lang='lat' dir='ltr'>pro</span> <span class='ocrx_word' id='word_1_119' title='bbox 413 1323 439 1354; x_wconf 93' lang='lat' dir='ltr'>se</span> <span class='ocrx_word' id='word_1_120' title='bbox 457 1308 507 1362; x_wconf 79' lang='lat' dir='ltr'>ruti,</span> <span class='ocrx_word' id='word_1_121' title='bbox 529 1308 603 1354; x_wconf 81' lang='lat' dir='ltr'>uerius</span> <span class='ocrx_word' id='word_1_122' title='bbox 623 1306 715 1352; x_wconf 79' lang='lat' dir='ltr'>instare.</span> <span class='ocrx_word' id='word_1_123' title='bbox 748 1304 813 1353; x_wconf 90' lang='lat' dir='ltr'>Tum</span> 
     </span>
     <span class='ocr_line' id='line_1_19' title="bbox 138 1369 813 1435; baseline -0.004 -14"><span class='ocrx_word' id='word_1_124' title='bbox 138 1373 228 1421; x_wconf 68' lang='lat' dir='ltr'>Manus</span> <span class='ocrx_word' id='word_1_125' title='bbox 242 1387 272 1421; x_wconf 86' lang='lat' dir='ltr'>ex</span> <span class='ocrx_word' id='word_1_126' title='bbox 287 1371 352 1435; x_wconf 73' lang='lat' dir='ltr'>cupii</span> <span class='ocrx_word' id='word_1_127' title='bbox 361 1388 435 1420; x_wconf 87' lang='lat' dir='ltr'>rerum</span> <span class='ocrx_word' id='word_1_128' title='bbox 448 1371 568 1419; x_wconf 87' lang='lat' dir='ltr'>consilium</span> <span class='ocrx_word' id='word_1_129' title='bbox 590 1371 665 1425; x_wconf 69' lang='lat' dir='ltr'>trabit,</span> <span class='ocrx_word' id='word_1_130' title='bbox 682 1376 758 1432; x_wconf 79' lang='lat' dir='ltr'>utque,</span> <span class='ocrx_word' id='word_1_131' title='bbox 778 1369 813 1418; x_wconf 83' lang='lat' dir='ltr'>uti</span> 
     </span>
     <span class='ocr_line' id='line_1_20' title="bbox 138 1435 814 1501; baseline -0.004 -15"><span class='ocrx_word' id='word_1_132' title='bbox 138 1440 185 1487; x_wconf 88' lang='lat' dir='ltr'>suis</span> <span class='ocrx_word' id='word_1_133' title='bbox 196 1440 294 1501; x_wconf 84' lang='lat' dir='ltr'>receptui</span> <span class='ocrx_word' id='word_1_134' title='bbox 305 1439 369 1485; x_wconf 89' lang='lat' dir='ltr'>locus</span> <span class='ocrx_word' id='word_1_135' title='bbox 376 1444 444 1492; x_wconf 68' lang='lat' dir='ltr'>osset,</span> <span class='ocrx_word' id='word_1_136' title='bbox 455 1437 520 1484; x_wconf 88' lang='lat' dir='ltr'>collis</span> <span class='ocrx_word' id='word_1_137' title='bbox 536 1437 593 1485; x_wconf 88' lang='lat' dir='ltr'>duos</span> <span class='ocrx_word' id='word_1_138' title='bbox 602 1435 742 1498; x_wconf 79' lang='lat' dir='ltr'>propiaquos</span> <span class='ocrx_word' id='word_1_139' title='bbox 751 1436 814 1483; x_wconf 81' lang='lat' dir='ltr'>inter</span> 
     </span>
     <span class='ocr_line' id='line_1_21' title="bbox 138 1500 812 1569; baseline -0.009 -17"><span class='ocrx_word' id='word_1_140' title='bbox 138 1520 163 1552; x_wconf 84' lang='lat' dir='ltr'>se</span> <span class='ocrx_word' id='word_1_141' title='bbox 180 1512 289 1569; x_wconf 79' lang='lat' dir='ltr'>occupat:</span> <span class='ocrx_word' id='word_1_142' title='bbox 309 1519 405 1565; x_wconf 88' lang='lat' dir='ltr'>quorum</span> <span class='ocrx_word' id='word_1_143' title='bbox 424 1504 449 1549; x_wconf 92' lang='lat' dir='ltr'>in</span> <span class='ocrx_word' id='word_1_144' title='bbox 468 1518 522 1561; x_wconf 87' lang='lat' dir='ltr'>uno,</span> <span class='ocrx_word' id='word_1_145' title='bbox 542 1502 622 1549; x_wconf 67' lang='lat' dir='ltr'>custus</span> <span class='ocrx_word' id='word_1_146' title='bbox 635 1515 715 1563; x_wconf 82' lang='lat' dir='ltr'>purum</span> <span class='ocrx_word' id='word_1_147' title='bbox 727 1500 812 1563; x_wconf 76' lang='lat' dir='ltr'>amplo,</span> 
     </span>
     <span class='ocr_line' id='line_1_22' title="bbox 136 1565 813 1631; baseline -0.006 -15"><span class='ocrx_word' id='word_1_148' title='bbox 136 1568 189 1617; x_wconf 81' lang='lat' dir='ltr'>inus</span> <span class='ocrx_word' id='word_1_149' title='bbox 203 1584 268 1631; x_wconf 80' lang='lat' dir='ltr'>aquae</span> <span class='ocrx_word' id='word_1_150' title='bbox 278 1583 376 1631; x_wconf 77' lang='lat' dir='ltr'>mugnus</span> <span class='ocrx_word' id='word_1_151' title='bbox 388 1575 451 1625; x_wconf 78' lang='lat' dir='ltr'>crat3</span> <span class='ocrx_word' id='word_1_152' title='bbox 470 1568 527 1614; x_wconf 85' lang='lat' dir='ltr'>alter</span> <span class='ocrx_word' id='word_1_153' title='bbox 537 1567 588 1615; x_wconf 88' lang='lat' dir='ltr'>usui</span> <span class='ocrx_word' id='word_1_154' title='bbox 598 1573 746 1629; x_wconf 85' lang='lat' dir='ltr'>opportunus,</span> <span class='ocrx_word' id='word_1_155' title='bbox 757 1565 813 1627; x_wconf 76' lang='lat' dir='ltr'>quis</span> 
     </span>
     <span class='ocr_line' id='line_1_23' title="bbox 137 1631 813 1696; baseline -0.006 -15"><span class='ocrx_word' id='word_1_156' title='bbox 137 1632 221 1696; x_wconf 78' lang='lat' dir='ltr'>magni</span> <span class='ocrx_word' id='word_1_157' title='bbox 239 1642 303 1696; x_wconf 81' lang='lat' dir='ltr'>purte</span> <span class='ocrx_word' id='word_1_158' title='bbox 319 1635 392 1680; x_wconf 86' lang='lat' dir='ltr'>editus</span> <span class='ocrx_word' id='word_1_159' title='bbox 410 1640 435 1679; x_wconf 88' lang='lat' dir='ltr'>et</span> <span class='ocrx_word' id='word_1_160' title='bbox 453 1647 554 1694; x_wconf 79' lang='lat' dir='ltr'>praeceps</span> <span class='ocrx_word' id='word_1_161' title='bbox 575 1645 648 1694; x_wconf 81' lang='lat' dir='ltr'>psucu</span> <span class='ocrx_word' id='word_1_162' title='bbox 666 1631 813 1678; x_wconf 85' lang='lat' dir='ltr'>munimento</span> 
     </span>
     <span class='ocr_line' id='line_1_24' title="bbox 137 1696 811 1760; baseline -0.006 -15"><span class='ocrx_word' id='word_1_163' title='bbox 137 1700 258 1760; x_wconf 80' lang='lat' dir='ltr'>quaerebut.</span> <span class='ocrx_word' id='word_1_164' title='bbox 291 1696 406 1747; x_wconf 70' lang='lat' dir='ltr'>ceterum</span> <span class='ocrx_word' id='word_1_165' title='bbox 417 1697 476 1760; x_wconf 74' lang='lat' dir='ltr'>apud</span> <span class='ocrx_word' id='word_1_166' title='bbox 487 1711 566 1759; x_wconf 76' lang='lat' dir='ltr'>uquam</span> <span class='ocrx_word' id='word_1_167' title='bbox 584 1696 733 1744; x_wconf 67' lang='lat' dir='ltr'>submerum</span> <span class='ocrx_word' id='word_1_168' title='bbox 745 1697 811 1757; x_wconf 88' lang='lat' dir='ltr'>equi·</span> 
     </span>
     <span class='ocr_line' id='line_1_25' title="bbox 137 1760 815 1825; baseline 0 -16"><span class='ocrx_word' id='word_1_169' title='bbox 137 1765 198 1810; x_wconf 83' lang='lat' dir='ltr'>tibus</span> <span class='ocrx_word' id='word_1_170' title='bbox 212 1769 302 1809; x_wconf 74' lang='lat' dir='ltr'>noctmn</span> <span class='ocrx_word' id='word_1_171' title='bbox 313 1763 400 1824; x_wconf 69' lang='lat' dir='ltr'>agitare</span> <span class='ocrx_word' id='word_1_172' title='bbox 411 1764 492 1825; x_wconf 79' lang='lat' dir='ltr'>J&#39;ubet:</span> <span class='ocrx_word' id='word_1_173' title='bbox 510 1763 560 1824; x_wconf 84' lang='lat' dir='ltr'>ipse</span> <span class='ocrx_word' id='word_1_174' title='bbox 571 1760 679 1823; x_wconf 76' lang='lat' dir='ltr'>punietim</span> <span class='ocrx_word' id='word_1_175' title='bbox 695 1761 815 1823; x_wconf 80' lang='lat' dir='ltr'>dispersos</span> 
     </span>
     <span class='ocr_line' id='line_1_26' title="bbox 136 1826 811 1888; baseline 0 -14"><span class='ocrx_word' id='word_1_176' title='bbox 136 1827 226 1881; x_wconf 84' lang='lat' dir='ltr'>milites,</span> <span class='ocrx_word' id='word_1_177' title='bbox 241 1841 315 1888; x_wconf 88' lang='lat' dir='ltr'>neque</span> <span class='ocrx_word' id='word_1_178' title='bbox 331 1829 407 1873; x_wconf 84' lang='lat' dir='ltr'>miuus</span> <span class='ocrx_word' id='word_1_179' title='bbox 422 1827 525 1874; x_wconf 75' lang='lat' dir='ltr'>bosthus</span> <span class='ocrx_word' id='word_1_180' title='bbox 540 1826 689 1882; x_wconf 76' lang='lat' dir='ltr'>conturbetis,</span> <span class='ocrx_word' id='word_1_181' title='bbox 701 1826 725 1872; x_wconf 90' lang='lat' dir='ltr'>in</span> <span class='ocrx_word' id='word_1_182' title='bbox 736 1841 811 1874; x_wconf 86' lang='lat' dir='ltr'>unum</span> 
     </span>
     <span class='ocr_line' id='line_1_27' title="bbox 136 1890 812 1954; baseline -0.003 -14"><span class='ocrx_word' id='word_1_183' title='bbox 136 1892 263 1949; x_wconf 73' lang='lat' dir='ltr'>contrahit5</span> <span class='ocrx_word' id='word_1_184' title='bbox 281 1891 333 1938; x_wconf 84' lang='lat' dir='ltr'>dein</span> <span class='ocrx_word' id='word_1_185' title='bbox 346 1898 441 1938; x_wconf 84' lang='lat' dir='ltr'>cunctos</span> <span class='ocrx_word' id='word_1_186' title='bbox 451 1893 520 1954; x_wconf 87' lang='lat' dir='ltr'>pleno</span> <span class='ocrx_word' id='word_1_187' title='bbox 530 1892 603 1954; x_wconf 78' lang='lat' dir='ltr'>gradu</span> <span class='ocrx_word' id='word_1_188' title='bbox 618 1891 643 1938; x_wconf 90' lang='lat' dir='ltr'>in</span> <span class='ocrx_word' id='word_1_189' title='bbox 654 1890 736 1937; x_wconf 86' lang='lat' dir='ltr'>collem</span> <span class='ocrx_word' id='word_1_190' title='bbox 753 1891 812 1938; x_wconf 84' lang='lat' dir='ltr'>sub·</span> 
     </span>
     <span class='ocr_line' id='line_1_28' title="bbox 137 1953 813 2018; baseline -0.004 -13"><span class='ocrx_word' id='word_1_191' title='bbox 137 1957 205 2005; x_wconf 84' lang='lat' dir='ltr'>ducit.</span> <span class='ocrx_word' id='word_1_192' title='bbox 239 1953 276 2003; x_wconf 82' lang='lat' dir='ltr'>lta</span> <span class='ocrx_word' id='word_1_193' title='bbox 292 1971 364 2018; x_wconf 84' lang='lat' dir='ltr'>reges,</span> <span class='ocrx_word' id='word_1_194' title='bbox 382 1957 426 2003; x_wconf 85' lang='lat' dir='ltr'>loci</span> <span class='ocrx_word' id='word_1_195' title='bbox 437 1957 568 2004; x_wconf 74' lang='lat' dir='ltr'>difficultate</span> <span class='ocrx_word' id='word_1_196' title='bbox 579 1956 658 2010; x_wconf 83' lang='lat' dir='ltr'>coacti,</span> <span class='ocrx_word' id='word_1_197' title='bbox 673 1956 757 2017; x_wconf 82' lang='lat' dir='ltr'>proelio</span> <span class='ocrx_word' id='word_1_198' title='bbox 768 1956 813 2003; x_wconf 65' lang='lat' dir='ltr'>dei</span> 
     </span>
     <span class='ocr_line' id='line_1_29' title="bbox 136 2021 812 2084; baseline -0.003 -15"><span class='ocrx_word' id='word_1_199' title='bbox 136 2029 264 2069; x_wconf 82' lang='lat' dir='ltr'>terrentur:</span> <span class='ocrx_word' id='word_1_200' title='bbox 283 2036 357 2082; x_wconf 85' lang='lat' dir='ltr'>neque</span> <span class='ocrx_word' id='word_1_201' title='bbox 373 2029 449 2067; x_wconf 78' lang='lat' dir='ltr'>tamen</span> <span class='ocrx_word' id='word_1_202' title='bbox 469 2037 522 2069; x_wconf 88' lang='lat' dir='ltr'>suos</span> <span class='ocrx_word' id='word_1_203' title='bbox 539 2022 630 2084; x_wconf 78' lang='lat' dir='ltr'>longius</span> <span class='ocrx_word' id='word_1_204' title='bbox 646 2021 707 2067; x_wconf 79' lang='lat' dir='ltr'>ubire</span> <span class='ocrx_word' id='word_1_205' title='bbox 722 2021 812 2078; x_wconf 78' lang='lat' dir='ltr'>sinunt,</span> 
     </span>
     <span class='ocr_line' id='line_1_30' title="bbox 136 2084 811 2148; baseline -0.003 -14"><span class='ocrx_word' id='word_1_206' title='bbox 136 2088 182 2141; x_wconf 74' lang='lat' dir='ltr'>sed,</span> <span class='ocrx_word' id='word_1_207' title='bbox 195 2096 290 2148; x_wconf 86' lang='lat' dir='ltr'>utroque</span> <span class='ocrx_word' id='word_1_208' title='bbox 297 2087 355 2134; x_wconf 88' lang='lat' dir='ltr'>colle</span> <span class='ocrx_word' id='word_1_209' title='bbox 364 2087 509 2135; x_wconf 80' lang='lat' dir='ltr'>multitudine</span> <span class='ocrx_word' id='word_1_210' title='bbox 518 2086 663 2140; x_wconf 72' lang='lat' dir='ltr'>circumduco,</span> <span class='ocrx_word' id='word_1_211' title='bbox 673 2084 739 2132; x_wconf 83' lang='lat' dir='ltr'>effirsi</span> <span class='ocrx_word' id='word_1_212' title='bbox 751 2100 811 2133; x_wconf 88' lang='lat' dir='ltr'>con-</span> 
     </span>
     <span class='ocr_line' id='line_1_31' title="bbox 136 2151 812 2214; baseline -0.001 -14"><span class='ocrx_word' id='word_1_213' title='bbox 136 2151 221 2200; x_wconf 65' lang='lat' dir='ltr'>sedere.</span> <span class='ocrx_word' id='word_1_214' title='bbox 245 2152 307 2199; x_wconf 89' lang='lat' dir='ltr'>Dein</span> <span class='ocrx_word' id='word_1_215' title='bbox 318 2152 402 2200; x_wconf 83' lang='lat' dir='ltr'>crebris</span> <span class='ocrx_word' id='word_1_216' title='bbox 411 2152 502 2214; x_wconf 76' lang='lat' dir='ltr'>ignibus</span> <span class='ocrx_word' id='word_1_217' title='bbox 511 2151 584 2207; x_wconf 81' lang='lat' dir='ltr'>scotis,</span> <span class='ocrx_word' id='word_1_218' title='bbox 591 2152 723 2213; x_wconf 77' lang='lat' dir='ltr'>plerumque</span> <span class='ocrx_word' id='word_1_219' title='bbox 733 2152 812 2199; x_wconf 76' lang='lat' dir='ltr'>noeti·</span> 
     </span>
     <span class='ocr_line' id='line_1_32' title="bbox 134 2216 811 2278; baseline -0.001 -14"><span class='ocrx_word' id='word_1_220' title='bbox 134 2218 221 2265; x_wconf 83' lang='lat' dir='ltr'>burburi</span> <span class='ocrx_word' id='word_1_221' title='bbox 232 2233 274 2264; x_wconf 90' lang='lat' dir='ltr'>suo</span> <span class='ocrx_word' id='word_1_222' title='bbox 289 2232 353 2264; x_wconf 86' lang='lat' dir='ltr'>more</span> <span class='ocrx_word' id='word_1_223' title='bbox 363 2217 441 2271; x_wconf 73' lang='lat' dir='ltr'>laetnri,</span> <span class='ocrx_word' id='word_1_224' title='bbox 453 2217 573 2272; x_wconf 75' lang='lat' dir='ltr'>exsultare,</span> <span class='ocrx_word' id='word_1_225' title='bbox 585 2225 685 2278; x_wconf 78' lang='lat' dir='ltr'>strepere</span> <span class='ocrx_word' id='word_1_226' title='bbox 695 2216 811 2263; x_wconf 82' lang='lat' dir='ltr'>vocibuss</span> 
     </span>
     <span class='ocr_line' id='line_1_33' title="bbox 134 2280 812 2346; baseline 0.001 -18"><span class='ocrx_word' id='word_1_227' title='bbox 134 2283 176 2346; x_wconf 76' lang='lat' dir='ltr'>Ipsi</span> <span class='ocrx_word' id='word_1_228' title='bbox 188 2284 262 2338; x_wconf 85' lang='lat' dir='ltr'>duces,</span> <span class='ocrx_word' id='word_1_229' title='bbox 279 2282 367 2329; x_wconf 84' lang='lat' dir='ltr'>feroces</span> <span class='ocrx_word' id='word_1_230' title='bbox 381 2283 433 2343; x_wconf 79' lang='lat' dir='ltr'>quia</span> <span class='ocrx_word' id='word_1_231' title='bbox 448 2296 495 2328; x_wconf 89' lang='lat' dir='ltr'>non</span> <span class='ocrx_word' id='word_1_232' title='bbox 508 2280 621 2343; x_wconf 70' lang='lat' dir='ltr'>fugerat,</span> <span class='ocrx_word' id='word_1_233' title='bbox 631 2295 672 2342; x_wconf 87' lang='lat' dir='ltr'>pro</span> <span class='ocrx_word' id='word_1_234' title='bbox 683 2280 812 2329; x_wconf 82' lang='lat' dir='ltr'>victoribus</span> 
     </span>
     <span class='ocr_line' id='line_1_34' title="bbox 134 2344 811 2410; baseline -0.001 -16"><span class='ocrx_word' id='word_1_235' title='bbox 134 2362 209 2410; x_wconf 65' lang='lat' dir='ltr'>ugera</span> <span class='ocrx_word' id='word_1_236' title='bbox 243 2347 289 2395; x_wconf 86' lang='lat' dir='ltr'>Sed</span> <span class='ocrx_word' id='word_1_237' title='bbox 302 2362 329 2395; x_wconf 78' lang='lat' dir='ltr'>ec</span> <span class='ocrx_word' id='word_1_238' title='bbox 343 2355 425 2393; x_wconf 80' lang='lat' dir='ltr'>cuncis</span> <span class='ocrx_word' id='word_1_239' title='bbox 438 2345 550 2392; x_wconf 80' lang='lat' dir='ltr'>Romanis</span> <span class='ocrx_word' id='word_1_240' title='bbox 565 2360 595 2392; x_wconf 85' lang='lat' dir='ltr'>ex</span> <span class='ocrx_word' id='word_1_241' title='bbox 604 2344 703 2392; x_wconf 82' lang='lat' dir='ltr'>tenebris</span> <span class='ocrx_word' id='word_1_242' title='bbox 717 2356 743 2392; x_wconf 88' lang='lat' dir='ltr'>et</span> <span class='ocrx_word' id='word_1_243' title='bbox 758 2346 811 2393; x_wconf 74' lang='lat' dir='ltr'>edi·</span> 
     </span>
     <span class='ocr_line' id='line_1_35' title="bbox 133 2410 811 2473; baseline -0.001 -14"><span class='ocrx_word' id='word_1_244' title='bbox 133 2413 227 2460; x_wconf 87' lang='lat' dir='ltr'>tloribus</span> <span class='ocrx_word' id='word_1_245' title='bbox 251 2412 306 2459; x_wconf 90' lang='lat' dir='ltr'>locis</span> <span class='ocrx_word' id='word_1_246' title='bbox 332 2411 407 2458; x_wconf 74' lang='lat' dir='ltr'>facilia</span> <span class='ocrx_word' id='word_1_247' title='bbox 428 2411 488 2468; x_wconf 83' lang='lat' dir='ltr'>visu,</span> <span class='ocrx_word' id='word_1_248' title='bbox 512 2424 640 2473; x_wconf 70' lang='lat' dir='ltr'>magnoque</span> <span class='ocrx_word' id='word_1_249' title='bbox 663 2410 811 2458; x_wconf 66' lang='lat' dir='ltr'>hortamento</span> 
     </span>
     <span class='ocr_line' id='line_1_36' title="bbox 134 2480 743 2525; baseline -0.008 0"><span class='ocrx_word' id='word_1_250' title='bbox 134 2485 206 2525; x_wconf 64' lang='lat' dir='ltr'>crant·</span> <span class='ocrx_word' id='word_1_251' title='bbox 735 2480 743 2497; x_wconf 84' lang='grc'>’</span> 
     </span>
    </p>

    <p class='ocr_par' dir='ltr' id='par_1_4' title="bbox 131 2535 811 2737">
     <span class='ocr_line' id='line_1_37' title="bbox 143 2535 811 2601; baseline 0.003 -16"><span class='ocrx_word' id='word_1_252' title='bbox 143 2572 147 2585; x_wconf 75' lang='grc'>.,</span> <span class='ocrx_word' id='word_1_253' title='bbox 167 2539 263 2590; x_wconf 83' lang='lat' dir='ltr'>XCIX.</span> <span class='ocrx_word' id='word_1_254' title='bbox 280 2540 406 2587; x_wconf 82' lang='lat' dir='ltr'>Plurimum</span> <span class='ocrx_word' id='word_1_255' title='bbox 417 2555 472 2586; x_wconf 85' lang='lat' dir='ltr'>vero</span> <span class='ocrx_word' id='word_1_256' title='bbox 484 2539 573 2587; x_wconf 73' lang='lat' dir='ltr'>Marius</span> <span class='ocrx_word' id='word_1_257' title='bbox 582 2535 694 2601; x_wconf 79' lang='lat' dir='ltr'>imperitii</span> <span class='ocrx_word' id='word_1_258' title='bbox 705 2538 811 2598; x_wconf 67' lang='lat' dir='ltr'>hostiurn</span> 
     </span>
     <span class='ocr_line' id='line_1_38' title="bbox 134 2603 805 2666; baseline -0.001 -12"><span class='ocrx_word' id='word_1_259' title='bbox 134 2606 286 2661; x_wconf 84' lang='lat' dir='ltr'>confirmatus,</span> <span class='ocrx_word' id='word_1_260' title='bbox 297 2620 363 2666; x_wconf 87' lang='lat' dir='ltr'>quum</span> <span class='ocrx_word' id='word_1_261' title='bbox 374 2618 506 2652; x_wconf 75' lang='lat' dir='ltr'>maxumum</span> <span class='ocrx_word' id='word_1_262' title='bbox 511 2605 628 2652; x_wconf 78' lang='lat' dir='ltr'>silentIum</span> <span class='ocrx_word' id='word_1_263' title='bbox 639 2604 715 2651; x_wconf 83' lang='lat' dir='ltr'>haberi</span> <span class='ocrx_word' id='word_1_264' title='bbox 721 2603 805 2666; x_wconf 56' lang='lat' dir='ltr'>juba:</span> 
     </span>
     <span class='ocr_line' id='line_1_39' title="bbox 131 2669 806 2737; baseline -0.004 -16"><span class='ocrx_word' id='word_1_265' title='bbox 131 2682 163 2721; x_wconf 83' lang='lat' dir='ltr'>ne</span> <span class='ocrx_word' id='word_1_266' title='bbox 176 2673 242 2737; x_wconf 76' lang='lat' dir='ltr'>signa</span> <span class='ocrx_word' id='word_1_267' title='bbox 258 2671 357 2734; x_wconf 85' lang='lat' dir='ltr'>quidem,</span> <span class='ocrx_word' id='word_1_268' title='bbox 377 2671 410 2718; x_wconf 89' lang='lat' dir='ltr'>uti</span> <span class='ocrx_word' id='word_1_269' title='bbox 420 2684 461 2733; x_wconf 86' lang='lat' dir='ltr'>per</span> <span class='ocrx_word' id='word_1_270' title='bbox 470 2670 560 2733; x_wconf 79' lang='lat' dir='ltr'>vigilius</span> <span class='ocrx_word' id='word_1_271' title='bbox 579 2669 689 2726; x_wconf 75' lang='lat' dir='ltr'>solebant,</span> <span class='ocrx_word' id='word_1_272' title='bbox 704 2684 806 2718; x_wconf 71' lang='lat' dir='ltr'>caneret</span> 
     </span>
    </p>
   </div>
   <div class='ocr_carea' id='block_1_3' title="bbox 0 0 904 2942">
    <p class='ocr_par' dir='ltr' id='par_1_5' title="bbox 0 0 904 2942">
     <span class='ocr_line' id='line_1_40' title="bbox 0 0 904 2942; baseline 0 1"><span class='ocrx_word' id='word_1_273' title='bbox 0 0 904 2942; x_wconf 95' lang='lat' dir='ltr'> </span> 
     </span>
    </p>
   </div>
  </div>
 </body>
</html>
