1800 2942
255 198 391 252 susum
408 200 504 253 Iam-V.
521 199 581 251 en.
593 205 632 254 11,
729 208 775 258 197

109 332 215 395 unnplo
232 330 314 393 prioris
329 330 488 380 dominationis
506 332 584 386 nertin,
602 332 703 380 eamdem
716 333 776 386 viam

108 397 249 446 crudelitatis
258 397 360 458 aggressi
371 405 430 444 aunt
464 396 530 443 Dum
540 399 590 444 base
600 406 704 459 aguntur,
716 413 775 445 nun·

107 463 178 510 tiatur
195 460 368 515 Lacedaemone,
387 462 470 508 bellum
489 463 587 510 Athenis
605 463 728 510 marasse:
747 465 776 511 ad

109 527 172 590 quod
188 526 379 589 comprimendum
400 526 524 574 Pausanias
541 542 581 574 rex
599 528 696 575 mittitur
701 544 710 585 ;
727 530 773 589 qui,

108 589 263 646 miaencordii
272 591 357 639 exsulis
364 591 440 654 popuii
450 599 572 653 permotus,
582 593 675 655 patriam
687 593 775 641 miseria

108 657 197 706 civibus
207 657 311 711 restituit,
322 664 346 703 et
356 656 433 704 decem
444 664 590 718 tyrannosex
599 659 655 706 urbe
665 657 775 706 Eleusina

108 723 210 785 migrare
228 721 255 768 ad
275 728 369 769 caeteros
380 722 453 784 jubet.
486 721 575 775 Quibus
585 723 651 770 rebus
663 738 715 770 cum
729 723 775 785 pax'

108 793 196 836 statuta
205 794 271 843 esset,
287 787 410 848 interjectis
420 787 505 843 diebus,
521 795 613 848 repente
623 789 720 848 tyrann,
728 803 775 838 non

108 852 186 902 minam
195 852 311 899 restitutos
321 852 411 901 exsules
427 867 494 913 quam
512 867 538 900 ae
555 854 580 899 in
597 853 700 902 exsilium
711 859 777 909 actua

107 916 260 980 indignantes,
278 918 340 977 quasi
356 931 411 964 vern
421 918 516 964 aliorum
527 918 616 966 libertas
628 933 668 965 sua
678 919 777 970 seruitus

108 988 177 1035 esset,
188 981 272 1029 lelium
283 981 458 1030 Atheniensibus
472 981 585 1029 inieruutt
604 983 644 1030 sed
661 984 689 1030 ed
704 983 775 1032 cello·

109 1047 196 1109 quium,
207 1046 278 1094 veluti
289 1047 464 1094 dominationem
473 1050 590 1110 recepturi,
600 1047 722 1110 progremi
733 1062 775 1109 per

107 1111 201 1160 insidias
211 1113 372 1173 comprehensi,
391 1120 417 1159 nt
431 1113 493 1173 pacis
512 1113 613 1160 victimae
628 1113 776 1161 trucidantur.

108 1175 218 1238 Populus,
230 1189 297 1238 quem
307 1178 419 1239 emigrare
424 1177 546 1238 jusserant,
552 1177 668 1224 inurbem
680 1192 774 1225 revoca·

13 1225 17 1232 ¹
106 1248 155 1289 tur.
180 1241 266 1302 'Atque
280 1242 311 1289 its
326 1241 447 1305 permulta
462 1242 560 1287 membru
570 1242 652 1289 ciuitas
660 1242 771 1302 dissipata,

105 1307 131 1354 in
144 1321 213 1354 unum
222 1306 311 1353 landem
322 1322 403 1368 corpus
413 1305 538 1368 redigitur:
551 1314 581 1359 et,
594 1321 677 1366 nequa
687 1306 774 1353 dissen-

106 1372 143 1419 sio
158 1385 189 1417 ex
199 1377 250 1417 ante
261 1372 316 1417 actis
327 1378 462 1425 nasceretur,
483 1384 562 1417 omnes
576 1369 721 1432 jurejurando
732 1371 772 1416 ub·

106 1436 257 1498 stringuntur,
277 1436 435 1486 discordiarum
450 1434 584 1482 oblivionem
595 1434 649 1481 fore.
683 1432 774 1483 Interea

107 1500 211 1548 Thebani
221 1497 376 1561 Corinthiique
387 1501 475 1564 legatus
486 1500 514 1546 ad
525 1498 710 1547 Lacedaemonios
717 1499 771 1546 mit·

106 1572 172 1619 tunt,
182 1565 221 1626 qui
234 1580 264 1611 ex
280 1566 389 1612 manubiis
404 1566 531 1627 portionem
548 1564 631 1627 praedae
646 1564 772 1612 communis

107 1630 161 1678 belli
182 1628 319 1691 periculique
339 1638 448 1691 peterent.
491 1628 580 1683 Quibus
601 1629 695 1691 negatis,
724 1644 771 1676 nou

105 1694 197 1757 quidem
208 1701 285 1755 aperte
290 1693 373 1741 beilum
384 1696 493 1742 adversus
500 1692 686 1742 mcelaemonios
693 1692 771 1741 decer·

106 1765 182 1816 nunl3
200 1758 239 1805 sed
250 1758 323 1806 tacitis
333 1760 413 1807 animis
427 1767 513 1806 tantam
527 1760 582 1806 iram
594 1760 729 1822 concipiunt,
745 1766 771 1807 ut
810 1767 818 1779 “

107 1825 200 1873 subesse
206 1822 288 1869 bellurn
300 1824 395 1887 intelligi
405 1832 489 1886 posset.

139 1886 189 1934 XI.
205 1886 293 1935 Eodem
304 1887 407 1936 seretem
439 1904 464 1935 re
474 1888 566 1943 Darius,
587 1904 628 1937 rex
643 1887 771 1945 Persamm,

105 1953 211 2005 moritur,
229 1951 357 2000 Artaxerxe
372 1962 396 2001 et
407 1905 470 2015 pom
480 1952 531 2000 liliis
541 1954 631 2001 relictis.
662 1953 770 2016 Regnum

105 2016 238 2070 Artaxerxi,
259 2016 322 2078 Cyro
339 2018 448 2073 civitates,
469 2034 561 2079 quarum
580 2017 700 2080 praefectus
715 2024 770 2073 erat,

105 2087 243 2131 testamento
253 2082 344 2145 legavit.
380 2084 426 2131 Sed
441 2082 505 2143 Cyro
510 2083 621 2146 judicium
631 2083 700 2144 patris
710 2081 770 2143 inJu·

104 2148 140 2195 ria
151 2145 274 2193 videbatur.
290 2144 369 2209 Itaque
377 2149 466 2195 occulte
473 2148 579 2194 aduersus
589 2146 679 2192 fratrem
686 2145 770 2193 bellum

103 2212 205 2276 parabat.
248 2210 317 2265 Quod
340 2227 391 2258 cum
413 2213 540 2260 nuntiatum
562 2210 684 2257 Artaxerxi
705 2217 773 2269 esset,

103 2276 238 2325 arcessitum
255 2276 318 2323 adse
331 2276 429 2333 fratrem,
450 2284 474 2323 et
484 2276 633 2323 innocentiam
645 2276 770 2324 dissimula·

103 2342 169 2389 tione
186 2339 238 2386 belli
256 2340 405 2395 simulantem,
425 2342 569 2403 compedibus
587 2340 660 2387 aureis
677 2340 767 2390 vinxits

102 2403 305 2466 interfecissetque,
326 2407 349 2452 ni
368 2413 440 2453 mater
457 2405 612 2468 prohibuisset.
654 2404 771 2454 Dimissus

103 2470 177 2534 igilur
189 2466 272 2531 Cyrus,
286 2472 335 2533 jam
355 2485 401 2517 nun
417 2471 505 2518 occulte
521 2469 611 2526 bellum,
633 2470 672 2517 sed
687 2470 769 2531 palam,

103 2549 149 2583 nec
170 2548 211 2597 per
231 2533 438 2590 dissimulationem,
466 2535 506 2582 sod
527 2533 603 2597 aperti
623 2534 769 2596 professione,

101 2613 184 2663 parare
202 2599 284 2660 coepit:
303 2599 495 2660 arrxiliaundique
510 2599 628 2647 contrabit.
660 2596 767 2644 Lacedre·

103 2662 186 2720 monii,
196 2677 309 2711 memores
320 2663 455 2711 Atheniensi
463 2664 521 2711 bello
532 2664 599 2710 enixe
609 2677 634 2708 se
644 2663 692 2725 eJus
700 2660 769 2722 operi

100 2728 200 2793 annus,
210 2727 274 2777 velut
283 2727 414 2793 ignorantes
424 2735 504 2777 contre
513 2741 580 2838 qpem
587 2726 671 2775 bellum
680 2732 769 2789 parare-

506 2807 519 2838 8
