<?xml version="1.0" encoding="UTF-8"?>
<!DOCTYPE html PUBLIC "-//W3C//DTD XHTML 1.0 Transitional//EN"
    "http://www.w3.org/TR/xhtml1/DTD/xhtml1-transitional.dtd">
<html xmlns="http://www.w3.org/1999/xhtml" xml:lang="en" lang="en">
 <head>
  <title>
</title>
<meta http-equiv="Content-Type" content="text/html;charset=utf-8" />
  <meta name='ocr-system' content='tesseract 3.04.00' />
  <meta name='ocr-capabilities' content='ocr_page ocr_carea ocr_par ocr_line ocrx_word'/>
</head>
<body>
  <div class='ocr_page' id='page_1' title='image "./quaeintegrasupe00grongoog_0318.png"; bbox 0 0 1800 2942; ppageno 0'>
   <div class='ocr_carea' id='block_1_1' title="bbox 147 129 690 200">
    <p class='ocr_par' dir='ltr' id='par_1_1' title="bbox 147 129 690 200">
     <span class='ocr_line' id='line_1_1' title="bbox 147 129 690 200; baseline -0.007 1"><span class='ocrx_word' id='word_1_1' title='bbox 147 153 197 200; x_wconf 76' lang='lat' dir='ltr'><strong>nn</strong></span> <span class='ocrx_word' id='word_1_2' title='bbox 287 129 425 200; x_wconf 82' lang='lat' dir='ltr'><strong>Jusmnt&#39;</strong></span> <span class='ocrx_word' id='word_1_3' title='bbox 441 146 567 198; x_wconf 65' lang='lat' dir='ltr'><strong>Luxu</strong></span> <span class='ocrx_word' id='word_1_4' title='bbox 584 146 690 200; x_wconf 65' lang='lat' dir='ltr'><strong>cmo</strong></span> 
     </span>
    </p>
   </div>
   <div class='ocr_carea' id='block_1_2' title="bbox 108 278 818 666">
    <p class='ocr_par' dir='ltr' id='par_1_2' title="bbox 108 278 818 666">
     <span class='ocr_line' id='line_1_2' title="bbox 147 278 814 341; baseline -0.001 -13"><span class='ocrx_word' id='word_1_5' title='bbox 147 289 199 330; x_wconf 86' lang='lat' dir='ltr'><strong>tur.¹</strong></span> <span class='ocrx_word' id='word_1_6' title='bbox 224 279 331 328; x_wconf 86' lang='lat' dir='ltr'><strong>Fremere</strong></span> <span class='ocrx_word' id='word_1_7' title='bbox 346 281 423 341; x_wconf 84' lang='lat' dir='ltr'><strong>itaque</strong></span> <span class='ocrx_word' id='word_1_8' title='bbox 441 293 521 326; x_wconf 84' lang='lat' dir='ltr'><strong>omuea</strong></span> <span class='ocrx_word' id='word_1_9' title='bbox 538 278 649 327; x_wconf 82' lang='lat' dir='ltr'><strong>univerain</strong></span> <span class='ocrx_word' id='word_1_10' title='bbox 665 278 746 327; x_wconf 80' lang='lat' dir='ltr'><strong>contria</strong></span> <span class='ocrx_word' id='word_1_11' title='bbox 767 290 814 326; x_wconf 86' lang='lat' dir='ltr'><strong>coe·</strong></span> 
     </span>
     <span class='ocr_line' id='line_1_3' title="bbox 147 343 815 409; baseline 0 -18"><span class='ocrx_word' id='word_1_12' title='bbox 147 344 209 409; x_wconf 67' lang='lat' dir='ltr'><strong>pere,</strong></span> <span class='ocrx_word' id='word_1_13' title='bbox 222 346 309 393; x_wconf 81' lang='lat' dir='ltr'><strong>innoxii</strong></span> <span class='ocrx_word' id='word_1_14' title='bbox 320 345 380 392; x_wconf 81' lang='lat' dir='ltr'><strong>nenia</strong></span> <span class='ocrx_word' id='word_1_15' title='bbox 390 344 475 405; x_wconf 83' lang='lat' dir='ltr'><strong>filiique</strong></span> <span class='ocrx_word' id='word_1_16' title='bbox 485 358 562 392; x_wconf 79' lang='lat' dir='ltr'><strong>catum</strong></span> <span class='ocrx_word' id='word_1_17' title='bbox 573 345 722 402; x_wconf 57' lang='lat' dir='ltr'><strong>miserantem</strong></span> <span class='ocrx_word' id='word_1_18' title='bbox 744 343 815 392; x_wconf 81' lang='lat' dir='ltr'><strong>inter·</strong></span> 
     </span>
     <span class='ocr_line' id='line_1_4' title="bbox 148 409 815 472; baseline -0.001 -15"><span class='ocrx_word' id='word_1_19' title='bbox 148 413 201 463; x_wconf 88' lang='lat' dir='ltr'><strong>dum</strong></span> <span class='ocrx_word' id='word_1_20' title='bbox 220 426 244 458; x_wconf 80' lang='lat' dir='ltr'><strong>ae</strong></span> <span class='ocrx_word' id='word_1_21' title='bbox 258 426 348 472; x_wconf 89' lang='lat' dir='ltr'><strong>quoque</strong></span> <span class='ocrx_word' id='word_1_22' title='bbox 363 425 409 456; x_wconf 90' lang='lat' dir='ltr'><strong>non</strong></span> <span class='ocrx_word' id='word_1_23' title='bbox 426 411 506 459; x_wconf 85' lang='lat' dir='ltr'><strong>debere</strong></span> <span class='ocrx_word' id='word_1_24' title='bbox 516 409 599 456; x_wconf 83' lang='lat' dir='ltr'><strong>melina</strong></span> <span class='ocrx_word' id='word_1_25' title='bbox 607 424 697 472; x_wconf 79' lang='lat' dir='ltr'><strong>sperare</strong></span> <span class='ocrx_word' id='word_1_26' title='bbox 708 409 815 456; x_wconf 84' lang='lat' dir='ltr'><strong>dicenter.</strong></span> 
     </span>
     <span class='ocr_line' id='line_1_5' title="bbox 108 475 815 535; baseline -0.001 -13"><span class='ocrx_word' id='word_1_27' title='bbox 108 532 111 535; x_wconf 23' lang='lat'>¹</span> <span class='ocrx_word' id='word_1_28' title='bbox 149 475 210 530; x_wconf 76' lang='lat' dir='ltr'><strong>Qnae</strong></span> <span class='ocrx_word' id='word_1_29' title='bbox 220 491 272 522; x_wconf 86' lang='lat' dir='ltr'><strong>cum</strong></span> <span class='ocrx_word' id='word_1_30' title='bbox 281 477 384 522; x_wconf 86' lang='lat' dir='ltr'><strong>nuntiata</strong></span> <span class='ocrx_word' id='word_1_31' title='bbox 391 475 523 521; x_wconf 84' lang='lat' dir='ltr'><strong>Alexandro</strong></span> <span class='ocrx_word' id='word_1_32' title='bbox 534 481 617 528; x_wconf 80' lang='lat' dir='ltr'><strong>errent,</strong></span> <span class='ocrx_word' id='word_1_33' title='bbox 627 488 715 529; x_wconf 85' lang='lat' dir='ltr'><strong>verena,</strong></span> <span class='ocrx_word' id='word_1_34' title='bbox 727 489 757 521; x_wconf 89' lang='lat' dir='ltr'><strong>ne</strong></span> <span class='ocrx_word' id='word_1_35' title='bbox 767 475 815 521; x_wconf 87' lang='lat' dir='ltr'><strong>baec</strong></span> 
     </span>
     <span class='ocr_line' id='line_1_6' title="bbox 147 539 817 603; baseline -0.001 -17"><span class='ocrx_word' id='word_1_36' title='bbox 147 542 224 603; x_wconf 86' lang='lat' dir='ltr'><strong>opinio</strong></span> <span class='ocrx_word' id='word_1_37' title='bbox 235 541 301 587; x_wconf 88' lang='lat' dir='ltr'><strong>etiam</strong></span> <span class='ocrx_word' id='word_1_38' title='bbox 312 540 336 585; x_wconf 93' lang='lat' dir='ltr'><strong>in</strong></span> <span class='ocrx_word' id='word_1_39' title='bbox 348 539 507 587; x_wconf 88' lang='lat' dir='ltr'><strong>Macedoniam</strong></span> <span class='ocrx_word' id='word_1_40' title='bbox 518 539 678 602; x_wconf 77' lang='lat' dir='ltr'><strong>divulgaretur,</strong></span> <span class='ocrx_word' id='word_1_41' title='bbox 693 549 718 586; x_wconf 88' lang='lat' dir='ltr'><strong>et</strong></span> <span class='ocrx_word' id='word_1_42' title='bbox 729 553 760 586; x_wconf 91' lang='lat' dir='ltr'><strong>ne</strong></span> <span class='ocrx_word' id='word_1_43' title='bbox 769 539 817 585; x_wconf 66' lang='lat' dir='ltr'><strong>vic»</strong></span> 
     </span>
     <span class='ocr_line' id='line_1_7' title="bbox 148 601 818 666; baseline -0.003 -14"><span class='ocrx_word' id='word_1_44' title='bbox 148 606 214 652; x_wconf 83' lang='lat' dir='ltr'><strong>toriae</strong></span> <span class='ocrx_word' id='word_1_45' title='bbox 224 605 297 666; x_wconf 76' lang='lat' dir='ltr'><strong>gloria</strong></span> <span class='ocrx_word' id='word_1_46' title='bbox 309 604 403 652; x_wconf 71' lang='lat' dir='ltr'><strong>siaevitiae</strong></span> <span class='ocrx_word' id='word_1_47' title='bbox 413 601 502 651; x_wconf 81' lang='lat' dir='ltr'><strong>maculd</strong></span> <span class='ocrx_word' id='word_1_48' title='bbox 515 603 670 665; x_wconf 72' lang='lat' dir='ltr'><strong>insumeretur,</strong></span> <span class='ocrx_word' id='word_1_49' title='bbox 691 603 782 651; x_wconf 87' lang='lat' dir='ltr'><strong>aimulat</strong></span> <span class='ocrx_word' id='word_1_50' title='bbox 792 618 818 650; x_wconf 85' lang='lat' dir='ltr'><strong>ae</strong></span> 
     </span>
    </p>
   </div>
   <div class='ocr_carea' id='block_1_3' title="bbox 147 669 896 731">
    <p class='ocr_par' dir='ltr' id='par_1_3' title="bbox 147 669 896 731">
     <span class='ocr_line' id='line_1_8' title="bbox 147 669 896 731; baseline -0.001 -15"><span class='ocrx_word' id='word_1_51' title='bbox 147 684 178 717; x_wconf 82' lang='lat' dir='ltr'><strong>ex</strong></span> <span class='ocrx_word' id='word_1_52' title='bbox 188 671 266 716; x_wconf 76' lang='lat' dir='ltr'><strong>amicis</strong></span> <span class='ocrx_word' id='word_1_53' title='bbox 276 669 385 730; x_wconf 82' lang='lat' dir='ltr'><strong>quondam</strong></span> <span class='ocrx_word' id='word_1_54' title='bbox 400 670 426 715; x_wconf 93' lang='lat' dir='ltr'><strong>in</strong></span> <span class='ocrx_word' id='word_1_55' title='bbox 440 669 535 731; x_wconf 86' lang='lat' dir='ltr'><strong>patriam</strong></span> <span class='ocrx_word' id='word_1_56' title='bbox 546 669 647 716; x_wconf 75' lang='lat' dir='ltr'><strong>victoriae</strong></span> <span class='ocrx_word' id='word_1_57' title='bbox 657 669 752 715; x_wconf 83' lang='lat' dir='ltr'><strong>nuntios</strong></span> <span class='ocrx_word' id='word_1_58' title='bbox 762 669 816 715; x_wconf 85' lang='lat' dir='ltr'><strong>mia-</strong></span> <span class='ocrx_word' id='word_1_59' title='bbox 895 718 896 721; x_wconf 54' lang='grc'>,</span> 
     </span>
    </p>
   </div>
   <div class='ocr_carea' id='block_1_4' title="bbox 147 733 817 861">
    <p class='ocr_par' dir='ltr' id='par_1_4' title="bbox 147 733 817 861">
     <span class='ocr_line' id='line_1_9' title="bbox 147 733 817 794; baseline 0 -14"><span class='ocrx_word' id='word_1_60' title='bbox 147 749 232 794; x_wconf 83' lang='lat' dir='ltr'><strong>autum.</strong></span> <span class='ocrx_word' id='word_1_61' title='bbox 265 733 379 781; x_wconf 87' lang='lat' dir='ltr'><strong>Hortatur</strong></span> <span class='ocrx_word' id='word_1_62' title='bbox 389 735 473 781; x_wconf 86' lang='lat' dir='ltr'><strong>militen</strong></span> <span class='ocrx_word' id='word_1_63' title='bbox 484 735 530 781; x_wconf 81' lang='lat' dir='ltr'><strong>ruia</strong></span> <span class='ocrx_word' id='word_1_64' title='bbox 541 734 643 789; x_wconf 73' lang='lat' dir='ltr'><strong>seribere,</strong></span> <span class='ocrx_word' id='word_1_65' title='bbox 659 735 767 781; x_wconf 86' lang='lat' dir='ltr'><strong>rariorem</strong></span> <span class='ocrx_word' id='word_1_66' title='bbox 778 734 817 780; x_wconf 89' lang='lat' dir='ltr'><strong>ha-</strong></span> 
     </span>
     <span class='ocr_line' id='line_1_10' title="bbox 147 799 816 861; baseline 0.001 -17"><span class='ocrx_word' id='word_1_67' title='bbox 147 800 234 845; x_wconf 78' lang='lat' dir='ltr'><strong>bituros</strong></span> <span class='ocrx_word' id='word_1_68' title='bbox 255 800 396 846; x_wconf 80' lang='lat' dir='ltr'><strong>occasionem</strong></span> <span class='ocrx_word' id='word_1_69' title='bbox 422 807 514 861; x_wconf 81' lang='lat' dir='ltr'><strong>propter</strong></span> <span class='ocrx_word' id='word_1_70' title='bbox 533 799 634 845; x_wconf 88' lang='lat' dir='ltr'><strong>militiam</strong></span> <span class='ocrx_word' id='word_1_71' title='bbox 662 800 816 845; x_wconf 85' lang='lat' dir='ltr'><strong>remotiorem.</strong></span> 
     </span>
    </p>
   </div>
   <div class='ocr_carea' id='block_1_5' title="bbox 148 862 897 926">
    <p class='ocr_par' dir='ltr' id='par_1_5' title="bbox 148 862 897 926">
     <span class='ocr_line' id='line_1_11' title="bbox 148 862 897 926; baseline 0.001 -16"><span class='ocrx_word' id='word_1_72' title='bbox 148 862 225 910; x_wconf 81' lang='lat' dir='ltr'><strong>Daton</strong></span> <span class='ocrx_word' id='word_1_73' title='bbox 243 862 315 910; x_wconf 75' lang='lat' dir='ltr'><strong>fascea</strong></span> <span class='ocrx_word' id='word_1_74' title='bbox 330 864 475 925; x_wconf 78' lang='lat' dir='ltr'><strong>epistolamm</strong></span> <span class='ocrx_word' id='word_1_75' title='bbox 486 863 555 910; x_wconf 88' lang='lat' dir='ltr'><strong>tacite</strong></span> <span class='ocrx_word' id='word_1_76' title='bbox 571 864 599 910; x_wconf 89' lang='lat' dir='ltr'><strong>ad</strong></span> <span class='ocrx_word' id='word_1_77' title='bbox 611 879 637 910; x_wconf 85' lang='lat' dir='ltr'><strong>ne</strong></span> <span class='ocrx_word' id='word_1_78' title='bbox 648 863 730 910; x_wconf 86' lang='lat' dir='ltr'><strong>deferri</strong></span> <span class='ocrx_word' id='word_1_79' title='bbox 736 865 817 926; x_wconf 61' lang='lat' dir='ltr'><strong>jubete</strong></span> <span class='ocrx_word' id='word_1_80' title='bbox 896 914 897 917; x_wconf 56' lang='grc'>,</span> 
     </span>
    </p>
   </div>
   <div class='ocr_carea' id='block_1_6' title="bbox 148 928 818 1112">
    <p class='ocr_par' dir='ltr' id='par_1_6' title="bbox 148 928 818 1112">
     <span class='ocr_line' id='line_1_12' title="bbox 148 928 817 991; baseline -0.003 -15"><span class='ocrx_word' id='word_1_81' title='bbox 148 942 178 976; x_wconf 83' lang='lat' dir='ltr'><strong>ex</strong></span> <span class='ocrx_word' id='word_1_82' title='bbox 188 929 268 989; x_wconf 83' lang='lat' dir='ltr'><strong>quibua</strong></span> <span class='ocrx_word' id='word_1_83' title='bbox 279 929 372 990; x_wconf 84' lang='lat' dir='ltr'><strong>cognito</strong></span> <span class='ocrx_word' id='word_1_84' title='bbox 383 928 411 974; x_wconf 89' lang='lat' dir='ltr'><strong>de</strong></span> <span class='ocrx_word' id='word_1_85' title='bbox 422 943 446 974; x_wconf 83' lang='lat' dir='ltr'><strong>se</strong></span> <span class='ocrx_word' id='word_1_86' title='bbox 458 929 599 991; x_wconf 78' lang='lat' dir='ltr'><strong>ningulomm</strong></span> <span class='ocrx_word' id='word_1_87' title='bbox 604 928 698 991; x_wconf 84' lang='lat' dir='ltr'><strong>judicio,</strong></span> <span class='ocrx_word' id='word_1_88' title='bbox 715 929 739 975; x_wconf 92' lang='lat' dir='ltr'><strong>in</strong></span> <span class='ocrx_word' id='word_1_89' title='bbox 750 942 817 975; x_wconf 85' lang='lat' dir='ltr'><strong>unam</strong></span> 
     </span>
     <span class='ocr_line' id='line_1_13' title="bbox 148 992 817 1056; baseline -0.001 -17"><span class='ocrx_word' id='word_1_90' title='bbox 148 993 263 1040; x_wconf 88' lang='lat' dir='ltr'><strong>eohortem</strong></span> <span class='ocrx_word' id='word_1_91' title='bbox 281 1008 326 1047; x_wconf 83' lang='lat' dir='ltr'><strong>eoa,</strong></span> <span class='ocrx_word' id='word_1_92' title='bbox 344 994 382 1053; x_wconf 90' lang='lat' dir='ltr'><strong>qui</strong></span> <span class='ocrx_word' id='word_1_93' title='bbox 402 994 430 1039; x_wconf 92' lang='lat' dir='ltr'><strong>de</strong></span> <span class='ocrx_word' id='word_1_94' title='bbox 451 1008 506 1056; x_wconf 80' lang='lat' dir='ltr'><strong>rege</strong></span> <span class='ocrx_word' id='word_1_95' title='bbox 523 994 601 1040; x_wconf 78' lang='lat' dir='ltr'><strong>durius</strong></span> <span class='ocrx_word' id='word_1_96' title='bbox 617 992 702 1055; x_wconf 86' lang='lat' dir='ltr'><strong>opinati</strong></span> <span class='ocrx_word' id='word_1_97' title='bbox 721 992 817 1047; x_wconf 81' lang='lat' dir='ltr'><strong>fuerant,</strong></span> 
     </span>
     <span class='ocr_line' id='line_1_14' title="bbox 148 1057 818 1112; baseline 0.001 -9"><span class='ocrx_word' id='word_1_98' title='bbox 148 1058 275 1111; x_wconf 73' lang='lat' dir='ltr'><strong>contribuit,</strong></span> <span class='ocrx_word' id='word_1_99' title='bbox 287 1067 327 1104; x_wconf 90' lang='lat' dir='ltr'><strong>aut</strong></span> <span class='ocrx_word' id='word_1_100' title='bbox 337 1066 497 1105; x_wconf 79' lang='lat' dir='ltr'><strong>consumtuma</strong></span> <span class='ocrx_word' id='word_1_101' title='bbox 508 1073 555 1112; x_wconf 83' lang='lat' dir='ltr'><strong>eoa,</strong></span> <span class='ocrx_word' id='word_1_102' title='bbox 567 1065 605 1105; x_wconf 90' lang='lat' dir='ltr'><strong>aut</strong></span> <span class='ocrx_word' id='word_1_103' title='bbox 618 1059 642 1104; x_wconf 92' lang='lat' dir='ltr'><strong>in</strong></span> <span class='ocrx_word' id='word_1_104' title='bbox 654 1058 740 1104; x_wconf 76' lang='lat' dir='ltr'><strong>ultimis</strong></span> <span class='ocrx_word' id='word_1_105' title='bbox 752 1057 818 1105; x_wconf 80' lang='lat' dir='ltr'><strong>terrie</strong></span> 
     </span>
    </p>
   </div>
   <div class='ocr_carea' id='block_1_7' title="bbox 148 1121 898 1185">
    <p class='ocr_par' dir='ltr' id='par_1_7' title="bbox 148 1121 898 1185">
     <span class='ocr_line' id='line_1_15' title="bbox 148 1121 898 1185; baseline 0.005 -17"><span class='ocrx_word' id='word_1_106' title='bbox 148 1123 171 1168; x_wconf 91' lang='lat' dir='ltr'><strong>in</strong></span> <span class='ocrx_word' id='word_1_107' title='bbox 183 1122 283 1169; x_wconf 82' lang='lat' dir='ltr'><strong>coloniae</strong></span> <span class='ocrx_word' id='word_1_108' title='bbox 293 1123 459 1170; x_wconf 76' lang='lat' dir='ltr'><strong>diatrtlmturus.</strong></span> <span class='ocrx_word' id='word_1_109' title='bbox 491 1121 549 1169; x_wconf 92' lang='lat' dir='ltr'><strong>Inde</strong></span> <span class='ocrx_word' id='word_1_110' title='bbox 557 1121 669 1178; x_wconf 84' lang='lat' dir='ltr'><strong>Draneaa,</strong></span> <span class='ocrx_word' id='word_1_111' title='bbox 680 1122 816 1185; x_wconf 84' lang='lat' dir='ltr'><strong>Euergetaa,</strong></span> <span class='ocrx_word' id='word_1_112' title='bbox 897 1176 898 1179; x_wconf 8' lang='grc' dir='ltr'><strong>Ἴ</strong></span> 
     </span>
    </p>
   </div>
   <div class='ocr_carea' id='block_1_8' title="bbox 40 1186 820 1379">
    <p class='ocr_par' dir='ltr' id='par_1_8' title="bbox 40 1186 820 1379">
     <span class='ocr_line' id='line_1_16' title="bbox 148 1186 819 1250; baseline 0.001 -17"><span class='ocrx_word' id='word_1_113' title='bbox 148 1186 265 1248; x_wconf 78' lang='lat' dir='ltr'><strong>Parymne,</strong></span> <span class='ocrx_word' id='word_1_114' title='bbox 282 1186 479 1250; x_wconf 81' lang='lat' dir='ltr'><strong>Parapammenoa,</strong></span> <span class='ocrx_word' id='word_1_115' title='bbox 496 1187 819 1250; x_wconf 69' lang='lat' dir='ltr'><strong>Adaniioncaeter‘naquepo·</strong></span> 
     </span>
     <span class='ocr_line' id='line_1_17' title="bbox 40 1251 819 1315; baseline -0.001 -16"><span class='ocrx_word' id='word_1_116' title='bbox 40 1290 48 1305; x_wconf 34' lang='grc' dir='ltr'><strong>χ</strong></span> <span class='ocrx_word' id='word_1_117' title='bbox 163 1252 219 1307; x_wconf 84' lang='lat' dir='ltr'><strong>ulna,</strong></span> <span class='ocrx_word' id='word_1_118' title='bbox 238 1253 277 1314; x_wconf 89' lang='lat' dir='ltr'><strong>qui</strong></span> <span class='ocrx_word' id='word_1_119' title='bbox 299 1253 323 1299; x_wconf 90' lang='lat' dir='ltr'><strong>in</strong></span> <span class='ocrx_word' id='word_1_120' title='bbox 343 1253 417 1299; x_wconf 79' lang='lat' dir='ltr'><strong>radice</strong></span> <span class='ocrx_word' id='word_1_121' title='bbox 436 1251 532 1301; x_wconf 75' lang='lat' dir='ltr'><strong>Caucasi</strong></span> <span class='ocrx_word' id='word_1_122' title='bbox 551 1254 702 1307; x_wconf 88' lang='lat' dir='ltr'><strong>morabantur,</strong></span> <span class='ocrx_word' id='word_1_123' title='bbox 723 1254 819 1315; x_wconf 72' lang='lat' dir='ltr'><strong>subegit.</strong></span> 
     </span>
     <span class='ocr_line' id='line_1_18' title="bbox 146 1268 820 1379; baseline 0 -16"><span class='ocrx_word' id='word_1_124' title='bbox 146 1268 240 1365; x_wconf 69' lang='lat' dir='ltr'><strong>interea</strong></span> <span class='ocrx_word' id='word_1_125' title='bbox 250 1333 309 1365; x_wconf 82' lang='lat' dir='ltr'><strong>unua</strong></span> <span class='ocrx_word' id='word_1_126' title='bbox 319 1333 349 1364; x_wconf 84' lang='lat' dir='ltr'><strong>ex</strong></span> <span class='ocrx_word' id='word_1_127' title='bbox 359 1318 437 1364; x_wconf 90' lang='lat' dir='ltr'><strong>amicis</strong></span> <span class='ocrx_word' id='word_1_128' title='bbox 448 1316 521 1372; x_wconf 89' lang='lat' dir='ltr'><strong>Darii,</strong></span> <span class='ocrx_word' id='word_1_129' title='bbox 534 1315 629 1374; x_wconf 83' lang='lat' dir='ltr'><strong>Beaaua,</strong></span> <span class='ocrx_word' id='word_1_130' title='bbox 638 1318 728 1364; x_wconf 81' lang='lat' dir='ltr'><strong>vinctus</strong></span> <span class='ocrx_word' id='word_1_131' title='bbox 739 1318 820 1379; x_wconf 87' lang='lat' dir='ltr'><strong>perdu-</strong></span> 
     </span>
    </p>
   </div>
   <div class='ocr_carea' id='block_1_9' title="bbox 148 1381 899 1445">
    <p class='ocr_par' dir='ltr' id='par_1_9' title="bbox 148 1381 899 1445">
     <span class='ocr_line' id='line_1_19' title="bbox 148 1381 899 1445; baseline -0.001 -16"><span class='ocrx_word' id='word_1_132' title='bbox 148 1383 215 1438; x_wconf 78' lang='lat' dir='ltr'><strong>citur,</strong></span> <span class='ocrx_word' id='word_1_133' title='bbox 235 1383 273 1444; x_wconf 89' lang='lat' dir='ltr'><strong>qui</strong></span> <span class='ocrx_word' id='word_1_134' title='bbox 296 1397 373 1445; x_wconf 83' lang='lat' dir='ltr'><strong>regem</strong></span> <span class='ocrx_word' id='word_1_135' title='bbox 389 1397 435 1429; x_wconf 90' lang='lat' dir='ltr'><strong>non</strong></span> <span class='ocrx_word' id='word_1_136' title='bbox 451 1381 525 1428; x_wconf 84' lang='lat' dir='ltr'><strong>nolum</strong></span> <span class='ocrx_word' id='word_1_137' title='bbox 541 1382 675 1444; x_wconf 87' lang='lat' dir='ltr'><strong>prodiderat,</strong></span> <span class='ocrx_word' id='word_1_138' title='bbox 697 1394 778 1429; x_wconf 81' lang='lat' dir='ltr'><strong>verum</strong></span> <span class='ocrx_word' id='word_1_139' title='bbox 796 1389 819 1428; x_wconf 92' lang='lat' dir='ltr'><strong>et</strong></span> <span class='ocrx_word' id='word_1_140' title='bbox 898 1386 899 1389; x_wconf 77' lang='grc'>’</span> 
     </span>
    </p>
   </div>
   <div class='ocr_carea' id='block_1_10' title="bbox 146 1447 820 2740">
    <p class='ocr_par' dir='ltr' id='par_1_10' title="bbox 146 1447 820 2740">
     <span class='ocr_line' id='line_1_20' title="bbox 148 1447 818 1509; baseline -0.001 -14"><span class='ocrx_word' id='word_1_141' title='bbox 148 1447 299 1495; x_wconf 83' lang='lat' dir='ltr'><strong>interfecerat.</strong></span> <span class='ocrx_word' id='word_1_142' title='bbox 333 1447 409 1502; x_wconf 86' lang='lat' dir='ltr'><strong>Quem</strong></span> <span class='ocrx_word' id='word_1_143' title='bbox 420 1449 444 1493; x_wconf 92' lang='lat' dir='ltr'><strong>in</strong></span> <span class='ocrx_word' id='word_1_144' title='bbox 455 1447 564 1494; x_wconf 91' lang='lat' dir='ltr'><strong>ultionem</strong></span> <span class='ocrx_word' id='word_1_145' title='bbox 575 1447 674 1509; x_wconf 77' lang='lat' dir='ltr'><strong>perfidiae</strong></span> <span class='ocrx_word' id='word_1_146' title='bbox 685 1447 818 1494; x_wconf 86' lang='lat' dir='ltr'><strong>excrucian-</strong></span> 
     </span>
     <span class='ocr_line' id='line_1_21' title="bbox 148 1511 818 1574; baseline -0.001 -14"><span class='ocrx_word' id='word_1_147' title='bbox 148 1513 202 1560; x_wconf 91' lang='lat' dir='ltr'><strong>dum</strong></span> <span class='ocrx_word' id='word_1_148' title='bbox 212 1513 276 1560; x_wconf 77' lang='lat' dir='ltr'><strong>fratri</strong></span> <span class='ocrx_word' id='word_1_149' title='bbox 291 1511 358 1559; x_wconf 89' lang='lat' dir='ltr'><strong>Darii</strong></span> <span class='ocrx_word' id='word_1_150' title='bbox 374 1513 479 1570; x_wconf 89' lang='lat' dir='ltr'><strong>tradidit;</strong></span> <span class='ocrx_word' id='word_1_151' title='bbox 496 1520 602 1574; x_wconf 78' lang='lat' dir='ltr'><strong>reputant</strong></span> <span class='ocrx_word' id='word_1_152' title='bbox 613 1527 659 1559; x_wconf 92' lang='lat' dir='ltr'><strong>non</strong></span> <span class='ocrx_word' id='word_1_153' title='bbox 671 1520 718 1559; x_wconf 84' lang='lat' dir='ltr'><strong>tam</strong></span> <span class='ocrx_word' id='word_1_154' title='bbox 730 1513 818 1559; x_wconf 77' lang='lat' dir='ltr'><strong>hostem</strong></span> 
     </span>
     <span class='ocr_line' id='line_1_22' title="bbox 148 1576 819 1639; baseline -0.001 -14"><span class='ocrx_word' id='word_1_155' title='bbox 148 1593 214 1625; x_wconf 84' lang='lat' dir='ltr'><strong>tuum</strong></span> <span class='ocrx_word' id='word_1_156' title='bbox 225 1577 295 1624; x_wconf 80' lang='lat' dir='ltr'><strong>suinae</strong></span> <span class='ocrx_word' id='word_1_157' title='bbox 306 1576 411 1633; x_wconf 85' lang='lat' dir='ltr'><strong>Darium,</strong></span> <span class='ocrx_word' id='word_1_158' title='bbox 422 1592 489 1638; x_wconf 91' lang='lat' dir='ltr'><strong>quam</strong></span> <span class='ocrx_word' id='word_1_159' title='bbox 501 1578 598 1624; x_wconf 90' lang='lat' dir='ltr'><strong>amicum</strong></span> <span class='ocrx_word' id='word_1_160' title='bbox 609 1578 663 1639; x_wconf 76' lang='lat' dir='ltr'><strong>ejus,</strong></span> <span class='ocrx_word' id='word_1_161' title='bbox 682 1592 752 1639; x_wconf 90' lang='lat' dir='ltr'><strong>aquo</strong></span> <span class='ocrx_word' id='word_1_162' title='bbox 759 1584 819 1624; x_wconf 76' lang='lat' dir='ltr'><strong>esset</strong></span> 
     </span>
     <span class='ocr_line' id='line_1_23' title="bbox 147 1641 818 1703; baseline -0.003 -13"><span class='ocrx_word' id='word_1_163' title='bbox 147 1644 243 1690; x_wconf 83' lang='lat' dir='ltr'><strong>occiana.</strong></span> <span class='ocrx_word' id='word_1_164' title='bbox 277 1641 318 1699; x_wconf 87' lang='lat' dir='ltr'><strong>Et,</strong></span> <span class='ocrx_word' id='word_1_165' title='bbox 330 1650 356 1688; x_wconf 90' lang='lat' dir='ltr'><strong>ut</strong></span> <span class='ocrx_word' id='word_1_166' title='bbox 367 1644 402 1690; x_wconf 86' lang='lat' dir='ltr'><strong>hia</strong></span> <span class='ocrx_word' id='word_1_167' title='bbox 412 1643 479 1690; x_wconf 81' lang='lat' dir='ltr'><strong>terrie</strong></span> <span class='ocrx_word' id='word_1_168' title='bbox 489 1657 572 1689; x_wconf 88' lang='lat' dir='ltr'><strong>nomeu</strong></span> <span class='ocrx_word' id='word_1_169' title='bbox 583 1642 725 1703; x_wconf 88' lang='lat' dir='ltr'><strong>relinqueret,</strong></span> <span class='ocrx_word' id='word_1_170' title='bbox 740 1643 818 1689; x_wconf 88' lang='lat' dir='ltr'><strong>urbem</strong></span> 
     </span>
     <span class='ocr_line' id='line_1_24' title="bbox 147 1706 819 1769; baseline 0 -15"><span class='ocrx_word' id='word_1_171' title='bbox 147 1707 308 1754; x_wconf 78' lang='lat' dir='ltr'><strong>Alexandriam</strong></span> <span class='ocrx_word' id='word_1_172' title='bbox 330 1723 397 1769; x_wconf 87' lang='lat' dir='ltr'><strong>super</strong></span> <span class='ocrx_word' id='word_1_173' title='bbox 415 1718 505 1755; x_wconf 87' lang='lat' dir='ltr'><strong>amnem</strong></span> <span class='ocrx_word' id='word_1_174' title='bbox 521 1706 611 1754; x_wconf 85' lang='lat' dir='ltr'><strong>Tanain</strong></span> <span class='ocrx_word' id='word_1_175' title='bbox 629 1707 738 1763; x_wconf 76' lang='lat' dir='ltr'><strong>condidit,</strong></span> <span class='ocrx_word' id='word_1_176' title='bbox 760 1707 819 1754; x_wconf 86' lang='lat' dir='ltr'><strong>intra</strong></span> 
     </span>
     <span class='ocr_line' id='line_1_25' title="bbox 148 1771 818 1833; baseline 0 -16"><span class='ocrx_word' id='word_1_177' title='bbox 148 1771 208 1817; x_wconf 86' lang='lat' dir='ltr'><strong>diem</strong></span> <span class='ocrx_word' id='word_1_178' title='bbox 219 1772 340 1832; x_wconf 79' lang='lat' dir='ltr'><strong>septimum</strong></span> <span class='ocrx_word' id='word_1_179' title='bbox 351 1773 464 1819; x_wconf 88' lang='lat' dir='ltr'><strong>decimum</strong></span> <span class='ocrx_word' id='word_1_180' title='bbox 474 1787 540 1819; x_wconf 89' lang='lat' dir='ltr'><strong>muro</strong></span> <span class='ocrx_word' id='word_1_181' title='bbox 551 1780 592 1818; x_wconf 82' lang='lat' dir='ltr'><strong>rex</strong></span> <span class='ocrx_word' id='word_1_182' title='bbox 602 1771 698 1818; x_wconf 89' lang='lat' dir='ltr'><strong>millium</strong></span> <span class='ocrx_word' id='word_1_183' title='bbox 709 1786 818 1833; x_wconf 73' lang='lat' dir='ltr'><strong>patruum</strong></span> 
     </span>
     <span class='ocr_line' id='line_1_26' title="bbox 147 1836 817 1899; baseline -0.001 -15"><span class='ocrx_word' id='word_1_184' title='bbox 147 1843 311 1890; x_wconf 84' lang='lat' dir='ltr'><strong>consummato,</strong></span> <span class='ocrx_word' id='word_1_185' title='bbox 329 1837 443 1883; x_wconf 78' lang='lat' dir='ltr'><strong>translatis</strong></span> <span class='ocrx_word' id='word_1_186' title='bbox 458 1853 486 1884; x_wconf 89' lang='lat' dir='ltr'><strong>eo</strong></span> <span class='ocrx_word' id='word_1_187' title='bbox 502 1836 570 1884; x_wconf 89' lang='lat' dir='ltr'><strong>trium</strong></span> <span class='ocrx_word' id='word_1_188' title='bbox 582 1837 706 1883; x_wconf 81' lang='lat' dir='ltr'><strong>civitatium</strong></span> <span class='ocrx_word' id='word_1_189' title='bbox 722 1836 817 1899; x_wconf 79' lang='lat' dir='ltr'><strong>populis,</strong></span> 
     </span>
     <span class='ocr_line' id='line_1_27' title="bbox 146 1899 817 1964; baseline -0.001 -15"><span class='ocrx_word' id='word_1_190' title='bbox 146 1916 201 1963; x_wconf 88' lang='lat' dir='ltr'><strong>quaa</strong></span> <span class='ocrx_word' id='word_1_191' title='bbox 212 1899 289 1962; x_wconf 71' lang='lat' dir='ltr'><strong>Cyme</strong></span> <span class='ocrx_word' id='word_1_192' title='bbox 302 1901 439 1948; x_wconf 76' lang='lat' dir='ltr'><strong>condiderat.</strong></span> <span class='ocrx_word' id='word_1_193' title='bbox 472 1900 501 1950; x_wconf 92' lang='lat' dir='ltr'><strong>In</strong></span> <span class='ocrx_word' id='word_1_194' title='bbox 512 1901 639 1949; x_wconf 86' lang='lat' dir='ltr'><strong>Bactriania</strong></span> <span class='ocrx_word' id='word_1_195' title='bbox 653 1916 745 1962; x_wconf 86' lang='lat' dir='ltr'><strong>quoque</strong></span> <span class='ocrx_word' id='word_1_196' title='bbox 757 1901 817 1964; x_wconf 82' lang='lat' dir='ltr'><strong>sog-</strong></span> 
     </span>
     <span class='ocr_line' id='line_1_28' title="bbox 147 1965 817 2028; baseline -0.004 -14"><span class='ocrx_word' id='word_1_197' title='bbox 147 1968 263 2028; x_wconf 84' lang='lat' dir='ltr'><strong>dianisque</strong></span> <span class='ocrx_word' id='word_1_198' title='bbox 284 1966 401 2012; x_wconf 89' lang='lat' dir='ltr'><strong>duodecim</strong></span> <span class='ocrx_word' id='word_1_199' title='bbox 418 1968 485 2014; x_wconf 84' lang='lat' dir='ltr'><strong>urben</strong></span> <span class='ocrx_word' id='word_1_200' title='bbox 502 1967 608 2020; x_wconf 87' lang='lat' dir='ltr'><strong>condidit,</strong></span> <span class='ocrx_word' id='word_1_201' title='bbox 630 1965 755 2013; x_wconf 76' lang='lat' dir='ltr'><strong>distributio</strong></span> <span class='ocrx_word' id='word_1_202' title='bbox 774 1967 817 2024; x_wconf 81' lang='lat' dir='ltr'><strong>hia,</strong></span> 
     </span>
     <span class='ocr_line' id='line_1_29' title="bbox 146 2031 817 2159; baseline 0 -16"><span class='ocrx_word' id='word_1_203' title='bbox 146 2046 334 2144; x_wconf 40' lang='lat' dir='ltr'><strong>‘titillat</strong></span> <span class='ocrx_word' id='word_1_204' title='bbox 343 2032 575 2159; x_wconf 60' lang='lat' dir='ltr'><strong>,titillnilltt</strong></span> <span class='ocrx_word' id='word_1_205' title='bbox 584 2031 704 2142; x_wconf 65' lang='lat' dir='ltr'><strong>liiii„</strong></span> <span class='ocrx_word' id='word_1_206' title='bbox 713 2095 817 2143; x_wconf 62' lang='lat' dir='ltr'><strong>nnn.</strong></span> 
     </span>
     <span class='ocr_line' id='line_1_30' title="bbox 147 2159 818 2223; baseline -0.003 -15"><span class='ocrx_word' id='word_1_207' title='bbox 147 2176 186 2208; x_wconf 89' lang='lat' dir='ltr'><strong>um</strong></span> <span class='ocrx_word' id='word_1_208' title='bbox 198 2170 279 2210; x_wconf 71' lang='lat' dir='ltr'><strong>vocata</strong></span> <span class='ocrx_word' id='word_1_209' title='bbox 299 2162 336 2209; x_wconf 92' lang='lat' dir='ltr'><strong>ubi</strong></span> <span class='ocrx_word' id='word_1_210' title='bbox 353 2160 403 2208; x_wconf 76' lang='lat' dir='ltr'><strong>orti</strong></span> <span class='ocrx_word' id='word_1_211' title='bbox 418 2162 478 2208; x_wconf 88' lang='lat' dir='ltr'><strong>inter</strong></span> <span class='ocrx_word' id='word_1_212' title='bbox 496 2161 569 2209; x_wconf 83' lang='lat' dir='ltr'><strong>ebrios</strong></span> <span class='ocrx_word' id='word_1_213' title='bbox 585 2176 660 2208; x_wconf 84' lang='lat' dir='ltr'><strong>rerum</strong></span> <span class='ocrx_word' id='word_1_214' title='bbox 678 2176 692 2206; x_wconf 89' lang='lat' dir='ltr'><strong>a</strong></span> <span class='ocrx_word' id='word_1_215' title='bbox 711 2159 818 2223; x_wconf 87' lang='lat' dir='ltr'><strong>Philippo</strong></span> 
     </span>
     <span class='ocr_line' id='line_1_31' title="bbox 147 2226 818 2288; baseline -0.001 -16"><span class='ocrx_word' id='word_1_216' title='bbox 147 2237 264 2287; x_wconf 75' lang='lat' dir='ltr'><strong>gestarum</strong></span> <span class='ocrx_word' id='word_1_217' title='bbox 275 2227 397 2280; x_wconf 86' lang='lat' dir='ltr'><strong>mentione,</strong></span> <span class='ocrx_word' id='word_1_218' title='bbox 409 2226 517 2288; x_wconf 84' lang='lat' dir='ltr'><strong>praeferre</strong></span> <span class='ocrx_word' id='word_1_219' title='bbox 527 2241 552 2272; x_wconf 86' lang='lat' dir='ltr'><strong>nc</strong></span> <span class='ocrx_word' id='word_1_220' title='bbox 561 2227 619 2288; x_wconf 85' lang='lat' dir='ltr'><strong>patri</strong></span> <span class='ocrx_word' id='word_1_221' title='bbox 629 2226 685 2287; x_wconf 84' lang='lat' dir='ltr'><strong>ipae,</strong></span> <span class='ocrx_word' id='word_1_222' title='bbox 697 2239 818 2287; x_wconf 88' lang='lat' dir='ltr'><strong>rerumque</strong></span> 
     </span>
     <span class='ocr_line' id='line_1_32' title="bbox 147 2290 817 2355; baseline 0 -19"><span class='ocrx_word' id='word_1_223' title='bbox 147 2305 237 2337; x_wconf 83' lang='lat' dir='ltr'><strong>suarum</strong></span> <span class='ocrx_word' id='word_1_224' title='bbox 257 2293 436 2355; x_wconf 83' lang='lat' dir='ltr'><strong>magnitudinem</strong></span> <span class='ocrx_word' id='word_1_225' title='bbox 455 2291 564 2338; x_wconf 85' lang='lat' dir='ltr'><strong>extollere</strong></span> <span class='ocrx_word' id='word_1_226' title='bbox 582 2290 641 2337; x_wconf 88' lang='lat' dir='ltr'><strong>coelo</strong></span> <span class='ocrx_word' id='word_1_227' title='bbox 659 2299 726 2337; x_wconf 90' lang='lat' dir='ltr'><strong>tenus</strong></span> <span class='ocrx_word' id='word_1_228' title='bbox 740 2291 817 2352; x_wconf 75' lang='lat' dir='ltr'><strong>erepit,</strong></span> 
     </span>
     <span class='ocr_line' id='line_1_33' title="bbox 148 2353 818 2419; baseline 0.001 -18"><span class='ocrx_word' id='word_1_229' title='bbox 148 2362 277 2402; x_wconf 72' lang='lat' dir='ltr'><strong>assentante</strong></span> <span class='ocrx_word' id='word_1_230' title='bbox 295 2359 379 2419; x_wconf 86' lang='lat' dir='ltr'><strong>maj0re</strong></span> <span class='ocrx_word' id='word_1_231' title='bbox 395 2357 542 2403; x_wconf 87' lang='lat' dir='ltr'><strong>convivarum</strong></span> <span class='ocrx_word' id='word_1_232' title='bbox 558 2363 628 2417; x_wconf 84' lang='lat' dir='ltr'><strong>parte.</strong></span> <span class='ocrx_word' id='word_1_233' title='bbox 661 2353 743 2415; x_wconf 87' lang='lat' dir='ltr'><strong>Itaque</strong></span> <span class='ocrx_word' id='word_1_234' title='bbox 766 2369 818 2402; x_wconf 88' lang='lat' dir='ltr'><strong>oum</strong></span> 
     </span>
     <span class='ocr_line' id='line_1_34' title="bbox 147 2419 819 2483; baseline 0 -16"><span class='ocrx_word' id='word_1_235' title='bbox 147 2435 206 2467; x_wconf 85' lang='lat' dir='ltr'><strong>unua</strong></span> <span class='ocrx_word' id='word_1_236' title='bbox 217 2434 231 2464; x_wconf 87' lang='lat' dir='ltr'><strong>e</strong></span> <span class='ocrx_word' id='word_1_237' title='bbox 241 2421 331 2467; x_wconf 79' lang='lat' dir='ltr'><strong>senibus</strong></span> <span class='ocrx_word' id='word_1_238' title='bbox 343 2420 423 2474; x_wconf 79' lang='lat' dir='ltr'><strong>Clitor,</strong></span> <span class='ocrx_word' id='word_1_239' title='bbox 445 2419 527 2468; x_wconf 78' lang='lat' dir='ltr'><strong>nuncil</strong></span> <span class='ocrx_word' id='word_1_240' title='bbox 537 2420 644 2467; x_wconf 86' lang='lat' dir='ltr'><strong>amicitiae</strong></span> <span class='ocrx_word' id='word_1_241' title='bbox 655 2421 733 2481; x_wconf 79' lang='lat' dir='ltr'><strong>reg&#39;rae,</strong></span> <span class='ocrx_word' id='word_1_242' title='bbox 754 2421 819 2483; x_wconf 72' lang='lat' dir='ltr'><strong>cujus</strong></span> 
     </span>
     <span class='ocr_line' id='line_1_35' title="bbox 146 2484 818 2560; baseline 0.001 -30"><span class='ocrx_word' id='word_1_243' title='bbox 146 2484 244 2545; x_wconf 85' lang='lat' dir='ltr'><strong>palmam</strong></span> <span class='ocrx_word' id='word_1_244' title='bbox 249 2485 351 2560; x_wconf 73' lang='lat' dir='ltr'><strong>tenebat,</strong></span> <span class='ocrx_word' id='word_1_245' title='bbox 362 2487 493 2531; x_wconf 85' lang='lat' dir='ltr'><strong>memoriam</strong></span> <span class='ocrx_word' id='word_1_246' title='bbox 505 2484 602 2546; x_wconf 85' lang='lat' dir='ltr'><strong>Philippi</strong></span> <span class='ocrx_word' id='word_1_247' title='bbox 613 2492 721 2558; x_wconf 75' lang='lat' dir='ltr'><strong>tueretur,</strong></span> <span class='ocrx_word' id='word_1_248' title='bbox 738 2484 818 2551; x_wconf 86' lang='lat' dir='ltr'><strong>lauda-</strong></span> 
     </span>
     <span class='ocr_line' id='line_1_36' title="bbox 147 2547 820 2672; baseline 0.003 -15"><span class='ocrx_word' id='word_1_249' title='bbox 147 2547 820 2672; x_wconf 60' lang='lat' dir='ltr'><strong>{tiliitlttftitttlttitttlt‘litiitt</strong></span> 
     </span>
     <span class='ocr_line' id='line_1_37' title="bbox 150 2675 818 2740; baseline 0.003 -17"><span class='ocrx_word' id='word_1_250' title='bbox 150 2675 205 2731; x_wconf 78' lang='lat' dir='ltr'><strong>Qua</strong></span> <span class='ocrx_word' id='word_1_251' title='bbox 220 2676 284 2724; x_wconf 78' lang='lat' dir='ltr'><strong>caede</strong></span> <span class='ocrx_word' id='word_1_252' title='bbox 298 2677 420 2733; x_wconf 74' lang='lat' dir='ltr'><strong>exsultant,</strong></span> <span class='ocrx_word' id='word_1_253' title='bbox 437 2688 528 2726; x_wconf 88' lang='lat' dir='ltr'><strong>mortuo</strong></span> <span class='ocrx_word' id='word_1_254' title='bbox 544 2676 694 2740; x_wconf 81' lang='lat' dir='ltr'><strong>patrocinium</strong></span> <span class='ocrx_word' id='word_1_255' title='bbox 711 2676 818 2740; x_wconf 81' lang='lat' dir='ltr'><strong>Philippi,</strong></span> 
     </span>
    </p>
   </div>
   <div class='ocr_carea' id='block_1_11' title="bbox 0 0 906 2942">
    <p class='ocr_par' dir='ltr' id='par_1_11' title="bbox 0 0 906 2942">
     <span class='ocr_line' id='line_1_38' title="bbox 0 0 906 2942; baseline 0 0"><span class='ocrx_word' id='word_1_256' title='bbox 0 0 906 2942; x_wconf 95' lang='lat' dir='ltr'><strong> </strong></span> 
     </span>
    </p>
   </div>
  </div>
 </body>
</html>
