<?xml version="1.0" encoding="UTF-8"?>
<!DOCTYPE html PUBLIC "-//W3C//DTD XHTML 1.0 Transitional//EN"
    "http://www.w3.org/TR/xhtml1/DTD/xhtml1-transitional.dtd">
<html xmlns="http://www.w3.org/1999/xhtml" xml:lang="en" lang="en">
 <head>
  <title>
</title>
<meta http-equiv="Content-Type" content="text/html;charset=utf-8" />
  <meta name='ocr-system' content='tesseract 3.04.00' />
  <meta name='ocr-capabilities' content='ocr_page ocr_carea ocr_par ocr_line ocrx_word'/>
</head>
<body>
  <div class='ocr_page' id='page_1' title='image "./quaeintegrasupe00grongoog_0256.png"; bbox 0 0 1800 2942; ppageno 0'>
   <div class='ocr_carea' id='block_1_1' title="bbox 129 197 732 274">
    <p class='ocr_par' dir='ltr' id='par_1_1' title="bbox 129 197 732 274">
     <span class='ocr_line' id='line_1_1' title="bbox 129 197 732 274; baseline 0.003 -29"><span class='ocrx_word' id='word_1_1' title='bbox 129 200 177 246; x_wconf 79' lang='lat' dir='ltr'>loo</span> <span class='ocrx_word' id='word_1_2' title='bbox 276 197 413 251; x_wconf 69' lang='lat' dir='ltr'>iusum</span> <span class='ocrx_word' id='word_1_3' title='bbox 428 197 538 249; x_wconf 71' lang='lat' dir='ltr'>mlv.</span> <span class='ocrx_word' id='word_1_4' title='bbox 553 197 648 250; x_wconf 63' lang='lat' dir='ltr'>Crat.</span> <span class='ocrx_word' id='word_1_5' title='bbox 728 265 732 274; x_wconf 24' lang='grc' dir='ltr'><strong><em>Δ</em></strong></span> 
     </span>
    </p>
   </div>
   <div class='ocr_carea' id='block_1_2' title="bbox 113 317 801 521">
    <p class='ocr_par' dir='ltr' id='par_1_2' title="bbox 113 317 801 521">
     <span class='ocr_line' id='line_1_2' title="bbox 113 317 801 392; baseline 0.001 -15"><span class='ocrx_word' id='word_1_6' title='bbox 113 317 117 324; x_wconf 69' lang='grc'><em>’</em></span> <span class='ocrx_word' id='word_1_7' title='bbox 129 326 189 377; x_wconf 72' lang='lat' dir='ltr'>cilice</span> <span class='ocrx_word' id='word_1_8' title='bbox 198 328 265 377; x_wconf 90' lang='lat' dir='ltr'>etiam</span> <span class='ocrx_word' id='word_1_9' title='bbox 276 326 477 392; x_wconf 75' lang='lat' dir='ltr'>Carthsginienser</span> <span class='ocrx_word' id='word_1_10' title='bbox 492 328 623 377; x_wconf 65' lang='lat' dir='ltr'>tentarem</span> <span class='ocrx_word' id='word_1_11' title='bbox 641 328 727 389; x_wconf 85' lang='lat' dir='ltr'>diuque</span> <span class='ocrx_word' id='word_1_12' title='bbox 736 327 801 378; x_wconf 69' lang='lat' dir='ltr'>varii</span> 
     </span>
     <span class='ocr_line' id='line_1_3' title="bbox 130 392 800 455; baseline 0.001 -14"><span class='ocrx_word' id='word_1_13' title='bbox 130 392 227 441; x_wconf 71' lang='lat' dir='ltr'>victorii</span> <span class='ocrx_word' id='word_1_14' title='bbox 243 408 295 440; x_wconf 82' lang='lat' dir='ltr'>cum</span> <span class='ocrx_word' id='word_1_15' title='bbox 313 396 416 454; x_wconf 80' lang='lat' dir='ltr'>tyrannis</span> <span class='ocrx_word' id='word_1_16' title='bbox 431 394 569 442; x_wconf 69' lang='lat' dir='ltr'>dimicabim-</span> <span class='ocrx_word' id='word_1_17' title='bbox 601 393 641 440; x_wconf 82' lang='lat' dir='ltr'>Ad</span> <span class='ocrx_word' id='word_1_18' title='bbox 649 402 800 455; x_wconf 63' lang='lat' dir='ltr'>postrenum,</span> 
     </span>
     <span class='ocr_line' id='line_1_4' title="bbox 130 457 800 521; baseline 0.006 -18"><span class='ocrx_word' id='word_1_19' title='bbox 130 458 214 506; x_wconf 85' lang='lat' dir='ltr'>amisso</span> <span class='ocrx_word' id='word_1_20' title='bbox 231 457 362 504; x_wconf 73' lang='lat' dir='ltr'>Hamilcare</span> <span class='ocrx_word' id='word_1_21' title='bbox 370 458 504 520; x_wconf 70' lang='lat' dir='ltr'>imperatore</span> <span class='ocrx_word' id='word_1_22' title='bbox 514 473 567 504; x_wconf 86' lang='lat' dir='ltr'>cum</span> <span class='ocrx_word' id='word_1_23' title='bbox 577 458 685 513; x_wconf 75' lang='lat' dir='ltr'>exmcitu,</span> <span class='ocrx_word' id='word_1_24' title='bbox 696 459 800 521; x_wconf 62' lang='lat' dir='ltr'>aliquan</span> 
     </span>
    </p>
   </div>
   <div class='ocr_carea' id='block_1_3' title="bbox 41 519 800 649">
    <p class='ocr_par' dir='ltr' id='par_1_3' title="bbox 41 519 800 649">
     <span class='ocr_line' id='line_1_5' title="bbox 132 519 389 632; baseline 0.008 -65"><span class='ocrx_word' id='word_1_25' title='bbox 132 522 202 632; x_wconf 74' lang='lat' dir='ltr'>tisper</span> <span class='ocrx_word' id='word_1_26' title='bbox 211 519 317 583; x_wconf 79' lang='lat' dir='ltr'>quievrirc</span> <span class='ocrx_word' id='word_1_27' title='bbox 327 522 389 569; x_wconf 79' lang='lat' dir='ltr'>victi.</span> 
     </span>
     <span class='ocr_line' id='line_1_6' title="bbox 41 584 800 649; baseline 0.005 -18"><span class='ocrx_word' id='word_1_28' title='bbox 41 637 45 648; x_wconf 30' lang='lat' dir='ltr'><em>f</em></span> <span class='ocrx_word' id='word_1_29' title='bbox 181 584 214 632; x_wconf 87' lang='lat' dir='ltr'>II.</span> <span class='ocrx_word' id='word_1_30' title='bbox 230 585 310 632; x_wconf 84' lang='lat' dir='ltr'>Medio</span> <span class='ocrx_word' id='word_1_31' title='bbox 319 592 426 649; x_wconf 85' lang='lat' dir='ltr'>tempore,</span> <span class='ocrx_word' id='word_1_32' title='bbox 438 600 489 633; x_wconf 87' lang='lat' dir='ltr'>curn</span> <span class='ocrx_word' id='word_1_33' title='bbox 501 585 602 648; x_wconf 82' lang='lat' dir='ltr'>Rhegini</span> <span class='ocrx_word' id='word_1_34' title='bbox 612 585 726 635; x_wconf 75' lang='lat' dir='ltr'>discordii</span> <span class='ocrx_word' id='word_1_35' title='bbox 735 588 800 635; x_wconf 84' lang='lat' dir='ltr'>labo·</span> 
     </span>
    </p>
   </div>
   <div class='ocr_carea' id='block_1_4' title="bbox 87 649 809 2325">
    <p class='ocr_par' dir='ltr' id='par_1_4' title="bbox 87 649 808 2252">
     <span class='ocr_line' id='line_1_7' title="bbox 132 649 802 713; baseline 0.007 -18"><span class='ocrx_word' id='word_1_36' title='bbox 132 657 217 706; x_wconf 78' lang='lat' dir='ltr'>tarent,</span> <span class='ocrx_word' id='word_1_37' title='bbox 233 649 358 711; x_wconf 69' lang='lat' dir='ltr'>civitasque</span> <span class='ocrx_word' id='word_1_38' title='bbox 378 665 419 713; x_wconf 90' lang='lat' dir='ltr'>per</span> <span class='ocrx_word' id='word_1_39' title='bbox 440 651 601 697; x_wconf 58' lang='lat' dir='ltr'>diurnam</span> <span class='ocrx_word' id='word_1_40' title='bbox 620 651 693 698; x_wconf 84' lang='lat' dir='ltr'>divisa</span> <span class='ocrx_word' id='word_1_41' title='bbox 708 653 802 700; x_wconf 85' lang='lat' dir='ltr'>induas</span> 
     </span>
     <span class='ocr_line' id='line_1_8' title="bbox 131 714 802 776; baseline 0.006 -16"><span class='ocrx_word' id='word_1_42' title='bbox 131 720 284 776; x_wconf 65' lang='lat' dir='ltr'>partesessm,</span> <span class='ocrx_word' id='word_1_43' title='bbox 300 716 402 761; x_wconf 80' lang='lat' dir='ltr'>veterani</span> <span class='ocrx_word' id='word_1_44' title='bbox 418 715 446 761; x_wconf 90' lang='lat' dir='ltr'>ab</span> <span class='ocrx_word' id='word_1_45' title='bbox 462 714 606 776; x_wconf 80' lang='lat' dir='ltr'>alterdparte</span> <span class='ocrx_word' id='word_1_46' title='bbox 622 717 651 762; x_wconf 91' lang='lat' dir='ltr'>ab</span> <span class='ocrx_word' id='word_1_47' title='bbox 667 715 802 764; x_wconf 75' lang='lat' dir='ltr'>Himeriin</span> 
     </span>
     <span class='ocr_line' id='line_1_9' title="bbox 132 778 801 844; baseline 0.006 -19"><span class='ocrx_word' id='word_1_48' title='bbox 132 778 241 825; x_wconf 73' lang='lat' dir='ltr'>anulinm</span> <span class='ocrx_word' id='word_1_49' title='bbox 251 780 332 834; x_wconf 85' lang='lat' dir='ltr'>vocati,</span> <span class='ocrx_word' id='word_1_50' title='bbox 350 778 421 841; x_wconf 87' lang='lat' dir='ltr'>pulsia</span> <span class='ocrx_word' id='word_1_51' title='bbox 438 779 537 836; x_wconf 80' lang='lat' dir='ltr'>civitate,</span> <span class='ocrx_word' id='word_1_52' title='bbox 554 786 634 826; x_wconf 75' lang='lat' dir='ltr'>cosma</span> <span class='ocrx_word' id='word_1_53' title='bbox 648 795 707 841; x_wconf 82' lang='lat' dir='ltr'>quos</span> <span class='ocrx_word' id='word_1_54' title='bbox 717 782 801 844; x_wconf 87' lang='lat' dir='ltr'>implo-</span> 
     </span>
     <span class='ocr_line' id='line_1_10' title="bbox 134 841 802 903; baseline 0.004 -14"><span class='ocrx_word' id='word_1_55' title='bbox 134 843 177 889; x_wconf 86' lang='lat' dir='ltr'>rati</span> <span class='ocrx_word' id='word_1_56' title='bbox 186 841 289 902; x_wconf 76' lang='lat' dir='ltr'>inerant3</span> <span class='ocrx_word' id='word_1_57' title='bbox 306 850 330 890; x_wconf 91' lang='lat' dir='ltr'>et</span> <span class='ocrx_word' id='word_1_58' title='bbox 340 858 395 890; x_wconf 80' lang='lat' dir='ltr'>mox</span> <span class='ocrx_word' id='word_1_59' title='bbox 405 843 479 900; x_wconf 85' lang='lat' dir='ltr'>cresis,</span> <span class='ocrx_word' id='word_1_60' title='bbox 489 844 569 903; x_wconf 86' lang='lat' dir='ltr'>quibus</span> <span class='ocrx_word' id='word_1_61' title='bbox 580 843 678 890; x_wconf 76' lang='lat' dir='ltr'>tuleram</span> <span class='ocrx_word' id='word_1_62' title='bbox 684 846 802 902; x_wconf 79' lang='lat' dir='ltr'>auxilium,</span> 
     </span>
     <span class='ocr_line' id='line_1_11' title="bbox 133 907 803 974; baseline 0.004 -20"><span class='ocrx_word' id='word_1_63' title='bbox 133 907 212 954; x_wconf 87' lang='lat' dir='ltr'>urbem</span> <span class='ocrx_word' id='word_1_64' title='bbox 229 922 281 954; x_wconf 82' lang='lat' dir='ltr'>cum</span> <span class='ocrx_word' id='word_1_65' title='bbox 297 907 431 968; x_wconf 79' lang='lat' dir='ltr'>conjugibus</span> <span class='ocrx_word' id='word_1_66' title='bbox 447 915 472 954; x_wconf 85' lang='lat' dir='ltr'>et</span> <span class='ocrx_word' id='word_1_67' title='bbox 485 907 560 954; x_wconf 85' lang='lat' dir='ltr'>liberis</span> <span class='ocrx_word' id='word_1_68' title='bbox 575 908 688 955; x_wconf 85' lang='lat' dir='ltr'>sociorum</span> <span class='ocrx_word' id='word_1_69' title='bbox 704 925 803 974; x_wconf 82' lang='lat' dir='ltr'>occupa-</span> 
     </span>
     <span class='ocr_line' id='line_1_12' title="bbox 134 969 800 1046; baseline 0.008 -29"><span class='ocrx_word' id='word_1_70' title='bbox 134 969 202 1029; x_wconf 66' lang='lat' dir='ltr'>vire3</span> <span class='ocrx_word' id='word_1_71' title='bbox 224 972 272 1018; x_wconf 85' lang='lat' dir='ltr'>ansi</span> <span class='ocrx_word' id='word_1_72' title='bbox 292 969 379 1046; x_wconf 77' lang='lat' dir='ltr'>facinus</span> <span class='ocrx_word' id='word_1_73' title='bbox 405 972 462 1018; x_wconf 89' lang='lat' dir='ltr'>nulli</span> <span class='ocrx_word' id='word_1_74' title='bbox 485 979 582 1031; x_wconf 79' lang='lat' dir='ltr'><strong>tyranno</strong></span> <span class='ocrx_word' id='word_1_75' title='bbox 608 975 800 1034; x_wconf 83' lang='lat' dir='ltr'>comparandum:</span> 
     </span>
     <span class='ocr_line' id='line_1_13' title="bbox 87 1034 804 1163; baseline 0.007 -17"><span class='ocrx_word' id='word_1_76' title='bbox 87 1075 90 1082; x_wconf 84' lang='grc'><strong>’</strong></span> <span class='ocrx_word' id='word_1_77' title='bbox 134 1034 804 1163; x_wconf 55' lang='lat' dir='ltr'>imffiltilffitltltltlttttllltt</span> 
     </span>
     <span class='ocr_line' id='line_1_14' title="bbox 136 1161 804 1226; baseline 0.006 -15"><span class='ocrx_word' id='word_1_78' title='bbox 136 1161 218 1211; x_wconf 74' lang='lat' dir='ltr'>amissi</span> <span class='ocrx_word' id='word_1_79' title='bbox 226 1162 298 1226; x_wconf 76' lang='lat' dir='ltr'>patrii</span> <span class='ocrx_word' id='word_1_80' title='bbox 303 1164 406 1212; x_wconf 73' lang='lat' dir='ltr'>exsulare</span> <span class='ocrx_word' id='word_1_81' title='bbox 413 1180 505 1211; x_wconf 86' lang='lat' dir='ltr'>necesse</span> <span class='ocrx_word' id='word_1_82' title='bbox 511 1165 640 1212; x_wconf 84' lang='lat' dir='ltr'>habuissent</span> <span class='ocrx_word' id='word_1_83' title='bbox 644 1182 653 1223; x_wconf 80' lang='lat'>3</span> <span class='ocrx_word' id='word_1_84' title='bbox 665 1181 712 1213; x_wconf 92' lang='lat' dir='ltr'>non</span> <span class='ocrx_word' id='word_1_85' title='bbox 719 1174 804 1224; x_wconf 71' lang='lat' dir='ltr'>tamem</span> 
     </span>
     <span class='ocr_line' id='line_1_15' title="bbox 135 1229 804 1292; baseline 0.009 -17"><span class='ocrx_word' id='word_1_86' title='bbox 135 1229 195 1276; x_wconf 87' lang='lat' dir='ltr'>inter</span> <span class='ocrx_word' id='word_1_87' title='bbox 214 1243 264 1276; x_wconf 90' lang='lat' dir='ltr'>aras</span> <span class='ocrx_word' id='word_1_88' title='bbox 285 1238 309 1276; x_wconf 90' lang='lat' dir='ltr'>et</span> <span class='ocrx_word' id='word_1_89' title='bbox 329 1231 413 1292; x_wconf 89' lang='lat' dir='ltr'>patrios</span> <span class='ocrx_word' id='word_1_90' title='bbox 434 1230 493 1276; x_wconf 88' lang='lat' dir='ltr'>lares</span> <span class='ocrx_word' id='word_1_91' title='bbox 514 1230 625 1283; x_wconf 88' lang='lat' dir='ltr'>trucidati,</span> <span class='ocrx_word' id='word_1_92' title='bbox 643 1231 804 1281; x_wconf 85' lang='lat' dir='ltr'>crudelissimis</span> 
     </span>
     <span class='ocr_line' id='line_1_16' title="bbox 136 1293 804 1357; baseline 0.006 -17"><span class='ocrx_word' id='word_1_93' title='bbox 136 1294 238 1355; x_wconf 84' lang='lat' dir='ltr'>tyrannis</span> <span class='ocrx_word' id='word_1_94' title='bbox 254 1295 347 1356; x_wconf 80' lang='lat' dir='ltr'>patriam</span> <span class='ocrx_word' id='word_1_95' title='bbox 363 1310 415 1341; x_wconf 82' lang='lat' dir='ltr'>cunr</span> <span class='ocrx_word' id='word_1_96' title='bbox 433 1294 566 1355; x_wconf 81' lang='lat' dir='ltr'>conjugibus</span> <span class='ocrx_word' id='word_1_97' title='bbox 576 1308 603 1341; x_wconf 85' lang='lat' dir='ltr'>ac</span> <span class='ocrx_word' id='word_1_98' title='bbox 618 1293 693 1342; x_wconf 88' lang='lat' dir='ltr'>liberis</span> <span class='ocrx_word' id='word_1_99' title='bbox 703 1297 804 1357; x_wconf 80' lang='lat' dir='ltr'>praedarn</span> 
     </span>
     <span class='ocr_line' id='line_1_17' title="bbox 136 1357 807 1421; baseline 0.006 -15"><span class='ocrx_word' id='word_1_100' title='bbox 136 1358 285 1421; x_wconf 75' lang='lat' dir='ltr'>reliquissent.</span> <span class='ocrx_word' id='word_1_101' title='bbox 316 1357 459 1408; x_wconf 74' lang='lat' dir='ltr'>Catinienses</span> <span class='ocrx_word' id='word_1_102' title='bbox 474 1373 564 1419; x_wconf 88' lang='lat' dir='ltr'>quoque</span> <span class='ocrx_word' id='word_1_103' title='bbox 579 1374 631 1405; x_wconf 86' lang='lat' dir='ltr'>cum</span> <span class='ocrx_word' id='word_1_104' title='bbox 649 1360 807 1420; x_wconf 77' lang='lat' dir='ltr'>Syracusanos</span> 
     </span>
     <span class='ocr_line' id='line_1_18' title="bbox 137 1423 807 1551; baseline 0.001 -15"><span class='ocrx_word' id='word_1_105' title='bbox 137 1423 456 1536; x_wconf 55' lang='lat' dir='ltr'>iiiirdillfflidl‘*</span> <span class='ocrx_word' id='word_1_106' title='bbox 471 1423 563 1551; x_wconf 61' lang='lat' dir='ltr'>itt:</span> <span class='ocrx_word' id='word_1_107' title='bbox 573 1424 807 1537; x_wconf 54' lang='lat' dir='ltr'>:iilllllmrlb</span> 
     </span>
     <span class='ocr_line' id='line_1_19' title="bbox 137 1503 807 1615; baseline 0.003 -15"><span class='ocrx_word' id='word_1_108' title='bbox 137 1553 199 1615; x_wconf 85' lang='lat' dir='ltr'>perii,</span> <span class='ocrx_word' id='word_1_109' title='bbox 216 1568 262 1614; x_wconf 85' lang='lat' dir='ltr'>quo</span> <span class='ocrx_word' id='word_1_110' title='bbox 280 1504 361 1601; x_wconf 52' lang='lat' dir='ltr'>Asiiern</span> <span class='ocrx_word' id='word_1_111' title='bbox 378 1503 537 1612; x_wconf 52' lang='lat' dir='ltr'>Graicigmque</span> <span class='ocrx_word' id='word_1_112' title='bbox 554 1554 644 1614; x_wconf 85' lang='lat' dir='ltr'>penitus</span> <span class='ocrx_word' id='word_1_113' title='bbox 662 1506 807 1615; x_wconf 42' lang='lat' dir='ltr'>ociupzent,</span> 
     </span>
     <span class='ocr_line' id='line_1_20' title="bbox 138 1617 805 1680; baseline 0.004 -16"><span class='ocrx_word' id='word_1_114' title='bbox 138 1631 179 1664; x_wconf 85' lang='lat' dir='ltr'>acu</span> <span class='ocrx_word' id='word_1_115' title='bbox 189 1624 252 1664; x_wconf 86' lang='lat' dir='ltr'>metu</span> <span class='ocrx_word' id='word_1_116' title='bbox 262 1617 329 1664; x_wconf 80' lang='lat' dir='ltr'>factae</span> <span class='ocrx_word' id='word_1_117' title='bbox 338 1618 424 1680; x_wconf 86' lang='lat' dir='ltr'>pridem</span> <span class='ocrx_word' id='word_1_118' title='bbox 435 1632 448 1663; x_wconf 89' lang='lat' dir='ltr'>a</span> <span class='ocrx_word' id='word_1_119' title='bbox 460 1617 608 1677; x_wconf 77' lang='lat' dir='ltr'>Syracusanis</span> <span class='ocrx_word' id='word_1_120' title='bbox 618 1618 704 1672; x_wconf 82' lang='lat' dir='ltr'>classis,</span> <span class='ocrx_word' id='word_1_121' title='bbox 715 1634 746 1665; x_wconf 88' lang='lat' dir='ltr'>ne</span> <span class='ocrx_word' id='word_1_122' title='bbox 756 1618 805 1668; x_wconf 86' lang='lat' dir='ltr'>La·</span> 
     </span>
     <span class='ocr_line' id='line_1_21' title="bbox 138 1680 807 1743; baseline 0.006 -15"><span class='ocrx_word' id='word_1_123' title='bbox 138 1681 282 1728; x_wconf 76' lang='lat' dir='ltr'>cedoemoniia</span> <span class='ocrx_word' id='word_1_124' title='bbox 300 1682 346 1728; x_wconf 80' lang='lat' dir='ltr'>illae</span> <span class='ocrx_word' id='word_1_125' title='bbox 361 1682 421 1728; x_wconf 84' lang='lat' dir='ltr'>vires</span> <span class='ocrx_word' id='word_1_126' title='bbox 438 1680 582 1741; x_wconf 82' lang='lat' dir='ltr'>accederent)</span> <span class='ocrx_word' id='word_1_127' title='bbox 600 1680 753 1743; x_wconf 86' lang='lat' dir='ltr'>Lamponinm</span> <span class='ocrx_word' id='word_1_128' title='bbox 764 1684 807 1732; x_wconf 86' lang='lat' dir='ltr'>dn-</span> 
     </span>
     <span class='ocr_line' id='line_1_22' title="bbox 137 1744 808 1810; baseline 0.006 -19"><span class='ocrx_word' id='word_1_129' title='bbox 137 1759 188 1792; x_wconf 84' lang='lat' dir='ltr'>cetn</span> <span class='ocrx_word' id='word_1_130' title='bbox 205 1759 257 1791; x_wconf 89' lang='lat' dir='ltr'>curn</span> <span class='ocrx_word' id='word_1_131' title='bbox 273 1745 345 1792; x_wconf 84' lang='lat' dir='ltr'>classe</span> <span class='ocrx_word' id='word_1_132' title='bbox 359 1747 383 1792; x_wconf 92' lang='lat' dir='ltr'>in</span> <span class='ocrx_word' id='word_1_133' title='bbox 403 1747 501 1793; x_wconf 84' lang='lat' dir='ltr'>Siciliam</span> <span class='ocrx_word' id='word_1_134' title='bbox 516 1744 605 1800; x_wconf 66' lang='lat' dir='ltr'>misire,</span> <span class='ocrx_word' id='word_1_135' title='bbox 622 1754 654 1800; x_wconf 80' lang='lat' dir='ltr'>ut,</span> <span class='ocrx_word' id='word_1_136' title='bbox 672 1748 714 1794; x_wconf 86' lang='lat' dir='ltr'>nub</span> <span class='ocrx_word' id='word_1_137' title='bbox 732 1750 808 1810; x_wconf 86' lang='lat' dir='ltr'>specie</span> 
     </span>
     <span class='ocr_line' id='line_1_23' title="bbox 138 1806 806 1875; baseline 0.004 -19"><span class='ocrx_word' id='word_1_138' title='bbox 138 1808 225 1857; x_wconf 79' lang='lat' dir='ltr'>ferendi</span> <span class='ocrx_word' id='word_1_139' title='bbox 237 1806 403 1857; x_wconf 85' lang='lat' dir='ltr'>Catiniensibus</span> <span class='ocrx_word' id='word_1_140' title='bbox 413 1811 496 1865; x_wconf 84' lang='lat' dir='ltr'>auxilii,</span> <span class='ocrx_word' id='word_1_141' title='bbox 512 1818 625 1857; x_wconf 87' lang='lat' dir='ltr'>tentarent</span> <span class='ocrx_word' id='word_1_142' title='bbox 636 1810 721 1858; x_wconf 82' lang='lat' dir='ltr'>Sicilire</span> <span class='ocrx_word' id='word_1_143' title='bbox 732 1813 806 1875; x_wconf 84' lang='lat' dir='ltr'>impe·</span> 
     </span>
     <span class='ocr_line' id='line_1_24' title="bbox 140 1871 808 1937; baseline 0.006 -16"><span class='ocrx_word' id='word_1_144' title='bbox 140 1874 206 1921; x_wconf 80' lang='lat' dir='ltr'>rium</span> <span class='ocrx_word' id='word_1_145' title='bbox 238 1871 273 1920; x_wconf 86' lang='lat' dir='ltr'>Et</span> <span class='ocrx_word' id='word_1_146' title='bbox 288 1875 394 1934; x_wconf 86' lang='lat' dir='ltr'>quoniam</span> <span class='ocrx_word' id='word_1_147' title='bbox 415 1876 487 1937; x_wconf 85' lang='lat' dir='ltr'>prima</span> <span class='ocrx_word' id='word_1_148' title='bbox 505 1875 575 1930; x_wconf 83' lang='lat' dir='ltr'>initia,</span> <span class='ocrx_word' id='word_1_149' title='bbox 591 1874 722 1936; x_wconf 80' lang='lat' dir='ltr'>frequenter</span> <span class='ocrx_word' id='word_1_150' title='bbox 740 1879 808 1925; x_wconf 80' lang='lat' dir='ltr'>caesis</span> 
     </span>
     <span class='ocr_line' id='line_1_25' title="bbox 139 1937 808 2001; baseline 0.009 -18"><span class='ocrx_word' id='word_1_151' title='bbox 139 1939 249 1993; x_wconf 84' lang='lat' dir='ltr'>hostibus,</span> <span class='ocrx_word' id='word_1_152' title='bbox 265 1952 372 2001; x_wconf 82' lang='lat' dir='ltr'>prospera</span> <span class='ocrx_word' id='word_1_153' title='bbox 385 1937 482 1995; x_wconf 78' lang='lat' dir='ltr'>fuerant,</span> <span class='ocrx_word' id='word_1_154' title='bbox 499 1941 584 2001; x_wconf 85' lang='lat' dir='ltr'>majore</span> <span class='ocrx_word' id='word_1_155' title='bbox 602 1940 675 1989; x_wconf 87' lang='lat' dir='ltr'>denno</span> <span class='ocrx_word' id='word_1_156' title='bbox 692 1941 771 1996; x_wconf 78' lang='lat' dir='ltr'>classe,</span> <span class='ocrx_word' id='word_1_157' title='bbox 783 1948 808 1989; x_wconf 84' lang='lat' dir='ltr'>et</span> 
     </span>
     <span class='ocr_line' id='line_1_26' title="bbox 138 2001 808 2061; baseline -0.001 -9"><span class='ocrx_word' id='word_1_158' title='bbox 138 2004 264 2052; x_wconf 80' lang='lat' dir='ltr'>robustiore</span> <span class='ocrx_word' id='word_1_159' title='bbox 282 2001 388 2059; x_wconf 83' lang='lat' dir='ltr'>exercitu,</span> <span class='ocrx_word' id='word_1_160' title='bbox 410 2001 512 2051; x_wconf 84' lang='lat' dir='ltr'>Lachete</span> <span class='ocrx_word' id='word_1_161' title='bbox 532 2010 556 2050; x_wconf 83' lang='lat' dir='ltr'>et</span> <span class='ocrx_word' id='word_1_162' title='bbox 578 2001 690 2052; x_wconf 86' lang='lat' dir='ltr'>Chariade</span> <span class='ocrx_word' id='word_1_163' title='bbox 703 2005 808 2061; x_wconf 85' lang='lat' dir='ltr'>ducibna,</span> 
     </span>
     <span class='ocr_line' id='line_1_27' title="bbox 139 2064 808 2130; baseline 0 -13"><span class='ocrx_word' id='word_1_164' title='bbox 139 2068 238 2118; x_wconf 77' lang='lat' dir='ltr'>Siciliam</span> <span class='ocrx_word' id='word_1_165' title='bbox 248 2064 362 2130; x_wconf 72' lang='lat' dir='ltr'>petivrire:</span> <span class='ocrx_word' id='word_1_166' title='bbox 382 2068 421 2115; x_wconf 88' lang='lat' dir='ltr'>sed</span> <span class='ocrx_word' id='word_1_167' title='bbox 430 2066 581 2125; x_wconf 85' lang='lat' dir='ltr'>Catinienses,</span> <span class='ocrx_word' id='word_1_168' title='bbox 596 2069 645 2115; x_wconf 82' lang='lat' dir='ltr'>sire</span> <span class='ocrx_word' id='word_1_169' title='bbox 654 2075 717 2115; x_wconf 89' lang='lat' dir='ltr'>metu</span> <span class='ocrx_word' id='word_1_170' title='bbox 731 2069 808 2117; x_wconf 79' lang='lat' dir='ltr'>Athe·</span> 
     </span>
     <span class='ocr_line' id='line_1_28' title="bbox 138 2132 808 2193; baseline 0.001 -12"><span class='ocrx_word' id='word_1_171' title='bbox 138 2132 258 2188; x_wconf 88' lang='lat' dir='ltr'>niensium,</span> <span class='ocrx_word' id='word_1_172' title='bbox 270 2133 318 2181; x_wconf 82' lang='lat' dir='ltr'>sire</span> <span class='ocrx_word' id='word_1_173' title='bbox 328 2132 396 2179; x_wconf 78' lang='lat' dir='ltr'>tedio</span> <span class='ocrx_word' id='word_1_174' title='bbox 411 2133 471 2188; x_wconf 85' lang='lat' dir='ltr'>belli,</span> <span class='ocrx_word' id='word_1_175' title='bbox 484 2148 563 2193; x_wconf 87' lang='lat' dir='ltr'>pacem</span> <span class='ocrx_word' id='word_1_176' title='bbox 579 2147 631 2179; x_wconf 84' lang='lat' dir='ltr'>cunt</span> <span class='ocrx_word' id='word_1_177' title='bbox 648 2133 808 2193; x_wconf 80' lang='lat' dir='ltr'>Syracusanis,</span> 
     </span>
     <span class='ocr_line' id='line_1_29' title="bbox 138 2196 645 2252; baseline -0.006 -6"><span class='ocrx_word' id='word_1_178' title='bbox 138 2198 239 2246; x_wconf 74' lang='lat' dir='ltr'>missis</span> <span class='ocrx_word' id='word_1_179' title='bbox 249 2197 421 2244; x_wconf 80' lang='lat' dir='ltr'>Atheniensium</span> <span class='ocrx_word' id='word_1_180' title='bbox 430 2198 525 2252; x_wconf 84' lang='lat' dir='ltr'>auxiliis,</span> <span class='ocrx_word' id='word_1_181' title='bbox 536 2196 645 2243; x_wconf 75' lang='lat' dir='ltr'>fecemut.</span> 
     </span>
    </p>

    <p class='ocr_par' dir='ltr' id='par_1_5' title="bbox 173 2258 809 2325">
     <span class='ocr_line' id='line_1_30' title="bbox 173 2258 809 2325; baseline 0.003 -16"><span class='ocrx_word' id='word_1_182' title='bbox 173 2258 219 2309; x_wconf 85' lang='lat' dir='ltr'>lv.</span> <span class='ocrx_word' id='word_1_183' title='bbox 234 2260 357 2325; x_wconf 69' lang='lat' dir='ltr'>Interiectu</span> <span class='ocrx_word' id='word_1_184' title='bbox 376 2262 456 2308; x_wconf 88' lang='lat' dir='ltr'>deinde</span> <span class='ocrx_word' id='word_1_185' title='bbox 472 2269 578 2323; x_wconf 78' lang='lat' dir='ltr'>tempore,</span> <span class='ocrx_word' id='word_1_186' title='bbox 589 2276 641 2308; x_wconf 85' lang='lat' dir='ltr'>cum</span> <span class='ocrx_word' id='word_1_187' title='bbox 652 2258 708 2307; x_wconf 78' lang='lat' dir='ltr'>fides</span> <span class='ocrx_word' id='word_1_188' title='bbox 718 2263 781 2322; x_wconf 80' lang='lat' dir='ltr'>pacis</span> <span class='ocrx_word' id='word_1_189' title='bbox 792 2277 809 2311; x_wconf 89' lang='lat' dir='ltr'>a</span> 
     </span>
    </p>
   </div>
   <div class='ocr_carea' id='block_1_5' title="bbox 40 2317 809 2388">
    <p class='ocr_par' dir='ltr' id='par_1_6' title="bbox 40 2317 809 2388">
     <span class='ocr_line' id='line_1_31' title="bbox 40 2317 809 2388; baseline 0 -13"><span class='ocrx_word' id='word_1_190' title='bbox 40 2317 49 2332; x_wconf 78' lang='grc'><em>’</em></span> <span class='ocrx_word' id='word_1_191' title='bbox 141 2327 288 2388; x_wconf 72' lang='lat' dir='ltr'>nymrmis</span> <span class='ocrx_word' id='word_1_192' title='bbox 304 2342 351 2373; x_wconf 91' lang='lat' dir='ltr'>non</span> <span class='ocrx_word' id='word_1_193' title='bbox 369 2333 501 2379; x_wconf 83' lang='lat' dir='ltr'>servaretur,</span> <span class='ocrx_word' id='word_1_194' title='bbox 517 2325 691 2387; x_wconf 82' lang='lat' dir='ltr'>denuolegatos</span> <span class='ocrx_word' id='word_1_195' title='bbox 701 2325 809 2375; x_wconf 78' lang='lat' dir='ltr'>Athenas</span> 
     </span>
    </p>
   </div>
   <div class='ocr_carea' id='block_1_6' title="bbox 138 2387 809 2777">
    <p class='ocr_par' dir='ltr' id='par_1_7' title="bbox 138 2387 809 2777">
     <span class='ocr_line' id='line_1_32' title="bbox 140 2387 807 2456; baseline -0.003 -18"><span class='ocrx_word' id='word_1_196' title='bbox 140 2391 242 2456; x_wconf 85' lang='lat' dir='ltr'>mittunt,</span> <span class='ocrx_word' id='word_1_197' title='bbox 258 2391 303 2450; x_wconf 86' lang='lat' dir='ltr'>qui,</span> <span class='ocrx_word' id='word_1_198' title='bbox 326 2389 415 2438; x_wconf 71' lang='lat' dir='ltr'>sordidi</span> <span class='ocrx_word' id='word_1_199' title='bbox 430 2398 502 2445; x_wconf 79' lang='lat' dir='ltr'>reste,</span> <span class='ocrx_word' id='word_1_200' title='bbox 520 2390 600 2452; x_wconf 89' lang='lat' dir='ltr'>capillo</span> <span class='ocrx_word' id='word_1_201' title='bbox 620 2387 733 2450; x_wconf 72' lang='lat' dir='ltr'>barbique</span> <span class='ocrx_word' id='word_1_202' title='bbox 750 2405 807 2452; x_wconf 90' lang='lat' dir='ltr'>pro·</span> 
     </span>
     <span class='ocr_line' id='line_1_33' title="bbox 141 2453 808 2516; baseline 0.001 -15"><span class='ocrx_word' id='word_1_203' title='bbox 141 2455 224 2510; x_wconf 74' lang='lat' dir='ltr'>mimis,</span> <span class='ocrx_word' id='word_1_204' title='bbox 240 2461 264 2501; x_wconf 89' lang='lat' dir='ltr'>et</span> <span class='ocrx_word' id='word_1_205' title='bbox 279 2455 342 2501; x_wconf 88' lang='lat' dir='ltr'>omni</span> <span class='ocrx_word' id='word_1_206' title='bbox 363 2456 471 2516; x_wconf 85' lang='lat' dir='ltr'>squaloris</span> <span class='ocrx_word' id='word_1_207' title='bbox 492 2455 568 2501; x_wconf 86' lang='lat' dir='ltr'>habitu</span> <span class='ocrx_word' id='word_1_208' title='bbox 584 2454 613 2501; x_wconf 89' lang='lat' dir='ltr'>ad</span> <span class='ocrx_word' id='word_1_209' title='bbox 628 2453 808 2502; x_wconf 83' lang='lat' dir='ltr'>misericordiam</span> 
     </span>
     <span class='ocr_line' id='line_1_34' title="bbox 140 2517 807 2580; baseline -0.003 -12"><span class='ocrx_word' id='word_1_210' title='bbox 140 2518 325 2568; x_wconf 77' lang='lat' dir='ltr'>commovendam</span> <span class='ocrx_word' id='word_1_211' title='bbox 341 2520 458 2580; x_wconf 87' lang='lat' dir='ltr'>acquisito,</span> <span class='ocrx_word' id='word_1_212' title='bbox 480 2520 612 2566; x_wconf 84' lang='lat' dir='ltr'>concionem</span> <span class='ocrx_word' id='word_1_213' title='bbox 633 2517 748 2566; x_wconf 72' lang='lat' dir='ltr'>deformes</span> <span class='ocrx_word' id='word_1_214' title='bbox 764 2519 807 2566; x_wconf 81' lang='lat' dir='ltr'>ad·</span> 
     </span>
     <span class='ocr_line' id='line_1_35' title="bbox 138 2582 807 2644; baseline -0.003 -12"><span class='ocrx_word' id='word_1_215' title='bbox 138 2591 207 2633; x_wconf 79' lang='lat' dir='ltr'>eunt:</span> <span class='ocrx_word' id='word_1_216' title='bbox 225 2582 337 2631; x_wconf 84' lang='lat' dir='ltr'>adduntur</span> <span class='ocrx_word' id='word_1_217' title='bbox 345 2584 447 2644; x_wconf 88' lang='lat' dir='ltr'>precibus</span> <span class='ocrx_word' id='word_1_218' title='bbox 457 2584 578 2644; x_wconf 78' lang='lat' dir='ltr'>lacrymae3</span> <span class='ocrx_word' id='word_1_219' title='bbox 594 2590 619 2630; x_wconf 81' lang='lat' dir='ltr'>et</span> <span class='ocrx_word' id='word_1_220' title='bbox 633 2584 666 2630; x_wconf 82' lang='lat' dir='ltr'>ita</span> <span class='ocrx_word' id='word_1_221' title='bbox 675 2583 807 2631; x_wconf 83' lang='lat' dir='ltr'>misericor·</span> 
     </span>
     <span class='ocr_line' id='line_1_36' title="bbox 138 2647 809 2711; baseline 0.001 -15"><span class='ocrx_word' id='word_1_222' title='bbox 138 2650 189 2700; x_wconf 76' lang='lat' dir='ltr'>den</span> <span class='ocrx_word' id='word_1_223' title='bbox 210 2647 318 2711; x_wconf 82' lang='lat' dir='ltr'>poprdum</span> <span class='ocrx_word' id='word_1_224' title='bbox 344 2649 454 2710; x_wconf 86' lang='lat' dir='ltr'>supplices</span> <span class='ocrx_word' id='word_1_225' title='bbox 480 2655 579 2703; x_wconf 84' lang='lat' dir='ltr'>movent,</span> <span class='ocrx_word' id='word_1_226' title='bbox 601 2655 627 2695; x_wconf 93' lang='lat' dir='ltr'>ut</span> <span class='ocrx_word' id='word_1_227' title='bbox 644 2647 809 2697; x_wconf 74' lang='lat' dir='ltr'>damnarenbrr</span> 
     </span>
     <span class='ocr_line' id='line_1_37' title="bbox 140 2709 808 2777; baseline -0.001 -14"><span class='ocrx_word' id='word_1_228' title='bbox 140 2717 216 2774; x_wconf 84' lang='lat' dir='ltr'>duces,</span> <span class='ocrx_word' id='word_1_229' title='bbox 227 2712 442 2777; x_wconf 84' lang='lat' dir='ltr'>quiabbisauxilit</span> <span class='ocrx_word' id='word_1_230' title='bbox 457 2712 602 2761; x_wconf 80' lang='lat' dir='ltr'>deduxeram.</span> <span class='ocrx_word' id='word_1_231' title='bbox 633 2709 711 2775; x_wconf 70' lang='lat' dir='ltr'>Igitur</span> <span class='ocrx_word' id='word_1_232' title='bbox 725 2712 808 2762; x_wconf 81' lang='lat' dir='ltr'>classis</span> 
     </span>
    </p>
   </div>
   <div class='ocr_carea' id='block_1_7' title="bbox 0 0 916 2942">
    <p class='ocr_par' dir='ltr' id='par_1_8' title="bbox 0 0 916 2942">
     <span class='ocr_line' id='line_1_38' title="bbox 0 0 916 2942; baseline 0 0"><span class='ocrx_word' id='word_1_233' title='bbox 0 0 916 2942; x_wconf 95' lang='lat' dir='ltr'> </span> 
     </span>
    </p>
   </div>
  </div>
 </body>
</html>
