<?xml version="1.0" encoding="UTF-8"?>
<!DOCTYPE html PUBLIC "-//W3C//DTD XHTML 1.0 Transitional//EN"
    "http://www.w3.org/TR/xhtml1/DTD/xhtml1-transitional.dtd">
<html xmlns="http://www.w3.org/1999/xhtml" xml:lang="en" lang="en">
 <head>
  <title>
</title>
<meta http-equiv="Content-Type" content="text/html;charset=utf-8" />
  <meta name='ocr-system' content='tesseract 3.04.00' />
  <meta name='ocr-capabilities' content='ocr_page ocr_carea ocr_par ocr_line ocrx_word'/>
</head>
<body>
  <div class='ocr_page' id='page_1' title='image "./quaeintegrasupe00grongoog_0403.png"; bbox 0 0 1800 2942; ppageno 0'>
   <div class='ocr_carea' id='block_1_1' title="bbox 209 197 759 254">
    <p class='ocr_par' dir='ltr' id='par_1_1' title="bbox 209 197 759 254">
     <span class='ocr_line' id='line_1_1' title="bbox 209 197 759 254; baseline 0.009 -6"><span class='ocrx_word' id='word_1_1' title='bbox 209 197 348 248; x_wconf 83' lang='lat' dir='ltr'>JUSTINI</span> <span class='ocrx_word' id='word_1_2' title='bbox 363 199 418 250; x_wconf 78' lang='lat' dir='ltr'>Lu.</span> <span class='ocrx_word' id='word_1_3' title='bbox 428 197 530 249; x_wconf 77' lang='lat' dir='ltr'>XXIII.</span> <span class='ocrx_word' id='word_1_4' title='bbox 547 198 641 253; x_wconf 64' lang='lat' dir='ltr'>cras.</span> <span class='ocrx_word' id='word_1_5' title='bbox 710 209 759 254; x_wconf 79' lang='lat'>317</span> 
     </span>
    </p>
   </div>
   <div class='ocr_carea' id='block_1_2' title="bbox 73 326 824 2842">
    <p class='ocr_par' dir='ltr' id='par_1_2' title="bbox 73 326 824 2842">
     <span class='ocr_line' id='line_1_2' title="bbox 90 326 762 395; baseline 0.003 -16"><span class='ocrx_word' id='word_1_6' title='bbox 90 330 140 379; x_wconf 72' lang='lat' dir='ltr'>aas</span> <span class='ocrx_word' id='word_1_7' title='bbox 151 343 166 377; x_wconf 85' lang='lat' dir='ltr'>o</span> <span class='ocrx_word' id='word_1_8' title='bbox 176 326 254 377; x_wconf 75' lang='lat' dir='ltr'>Sieilih</span> <span class='ocrx_word' id='word_1_9' title='bbox 264 329 388 388; x_wconf 65' lang='lat' dir='ltr'>deducam</span> <span class='ocrx_word' id='word_1_10' title='bbox 405 346 435 378; x_wconf 87' lang='lat' dir='ltr'>ne</span> <span class='ocrx_word' id='word_1_11' title='bbox 445 336 485 377; x_wconf 88' lang='lat' dir='ltr'>ant</span> <span class='ocrx_word' id='word_1_12' title='bbox 495 330 527 379; x_wconf 90' lang='lat' dir='ltr'>illi</span> <span class='ocrx_word' id='word_1_13' title='bbox 545 346 591 378; x_wconf 91' lang='lat' dir='ltr'>non</span> <span class='ocrx_word' id='word_1_14' title='bbox 600 328 647 378; x_wconf 75' lang='lat' dir='ltr'>last</span> <span class='ocrx_word' id='word_1_15' title='bbox 657 347 706 395; x_wconf 84' lang='lat' dir='ltr'>ope,</span> <span class='ocrx_word' id='word_1_16' title='bbox 723 341 762 381; x_wconf 83' lang='lat' dir='ltr'>out</span> 
     </span>
     <span class='ocr_line' id='line_1_3' title="bbox 91 394 762 458; baseline 0.006 -16"><span class='ocrx_word' id='word_1_17' title='bbox 91 397 117 442; x_wconf 84' lang='lat' dir='ltr'>hi</span> <span class='ocrx_word' id='word_1_18' title='bbox 133 395 224 448; x_wconf 83' lang='lat' dir='ltr'>deserti.</span> <span class='ocrx_word' id='word_1_19' title='bbox 239 396 402 443; x_wconf 84' lang='lat' dir='ltr'>amitterentur.</span> <span class='ocrx_word' id='word_1_20' title='bbox 434 394 464 442; x_wconf 88' lang='lat' dir='ltr'>In</span> <span class='ocrx_word' id='word_1_21' title='bbox 482 396 525 442; x_wconf 88' lang='lat' dir='ltr'>hoc</span> <span class='ocrx_word' id='word_1_22' title='bbox 540 404 598 445; x_wconf 85' lang='lat' dir='ltr'>aestu</span> <span class='ocrx_word' id='word_1_23' title='bbox 613 397 762 458; x_wconf 79' lang='lat' dir='ltr'>periculorum</span> 
     </span>
     <span class='ocr_line' id='line_1_4' title="bbox 91 460 762 521; baseline 0.003 -13"><span class='ocrx_word' id='word_1_24' title='bbox 91 460 219 508; x_wconf 80' lang='lat' dir='ltr'>tutissimus</span> <span class='ocrx_word' id='word_1_25' title='bbox 230 467 308 521; x_wconf 90' lang='lat' dir='ltr'>portus</span> <span class='ocrx_word' id='word_1_26' title='bbox 318 461 462 508; x_wconf 87' lang='lat' dir='ltr'>consiliorum</span> <span class='ocrx_word' id='word_1_27' title='bbox 474 462 535 508; x_wconf 86' lang='lat' dir='ltr'>visus</span> <span class='ocrx_word' id='word_1_28' title='bbox 544 470 585 515; x_wconf 80' lang='lat' dir='ltr'>est,</span> <span class='ocrx_word' id='word_1_29' title='bbox 593 463 697 509; x_wconf 88' lang='lat' dir='ltr'>omnibus</span> <span class='ocrx_word' id='word_1_30' title='bbox 707 463 762 510; x_wconf 83' lang='lat' dir='ltr'>riri·</span> 
     </span>
     <span class='ocr_line' id='line_1_5' title="bbox 73 524 763 589; baseline 0.009 -18"><span class='ocrx_word' id='word_1_31' title='bbox 73 545 80 551; x_wconf 87' lang='lat'><strong>·</strong></span> <span class='ocrx_word' id='word_1_32' title='bbox 91 527 136 572; x_wconf 81' lang='lat' dir='ltr'>bus</span> <span class='ocrx_word' id='word_1_33' title='bbox 147 524 267 572; x_wconf 74' lang='lat' dir='ltr'>decernere</span> <span class='ocrx_word' id='word_1_34' title='bbox 274 526 298 572; x_wconf 93' lang='lat' dir='ltr'>in</span> <span class='ocrx_word' id='word_1_35' title='bbox 306 525 397 583; x_wconf 78' lang='lat' dir='ltr'>Sicilil3</span> <span class='ocrx_word' id='word_1_36' title='bbox 415 534 445 582; x_wconf 82' lang='lat' dir='ltr'>et,</span> <span class='ocrx_word' id='word_1_37' title='bbox 454 525 579 588; x_wconf 80' lang='lat' dir='ltr'>profligatis</span> <span class='ocrx_word' id='word_1_38' title='bbox 588 525 763 589; x_wconf 65' lang='lat' dir='ltr'>Carthaginiense</span> 
     </span>
     <span class='ocr_line' id='line_1_6' title="bbox 92 589 778 652; baseline 0.004 -15"><span class='ocrx_word' id='word_1_39' title='bbox 92 591 162 642; x_wconf 82' lang='lat' dir='ltr'>sibus,</span> <span class='ocrx_word' id='word_1_40' title='bbox 184 590 294 637; x_wconf 78' lang='lat' dir='ltr'>victorem</span> <span class='ocrx_word' id='word_1_41' title='bbox 313 592 437 638; x_wconf 82' lang='lat' dir='ltr'>exercitum</span> <span class='ocrx_word' id='word_1_42' title='bbox 456 600 601 652; x_wconf 73' lang='lat' dir='ltr'>transponere</span> <span class='ocrx_word' id='word_1_43' title='bbox 620 593 644 638; x_wconf 84' lang='lat' dir='ltr'>in</span> <span class='ocrx_word' id='word_1_44' title='bbox 667 589 778 641; x_wconf 70' lang='lat' dir='ltr'>Ictim·</span> 
     </span>
     <span class='ocr_line' id='line_1_7' title="bbox 92 654 763 719; baseline 0.007 -18"><span class='ocrx_word' id='word_1_45' title='bbox 92 654 176 716; x_wconf 84' lang='lat' dir='ltr'>Itaque</span> <span class='ocrx_word' id='word_1_46' title='bbox 195 664 299 703; x_wconf 88' lang='lat' dir='ltr'>conserto</span> <span class='ocrx_word' id='word_1_47' title='bbox 315 656 403 717; x_wconf 81' lang='lat' dir='ltr'>proelio,</span> <span class='ocrx_word' id='word_1_48' title='bbox 422 672 474 703; x_wconf 88' lang='lat' dir='ltr'>cum</span> <span class='ocrx_word' id='word_1_49' title='bbox 491 657 592 719; x_wconf 81' lang='lat' dir='ltr'>superior</span> <span class='ocrx_word' id='word_1_50' title='bbox 607 655 693 713; x_wconf 82' lang='lat' dir='ltr'>fuisset,</span> <span class='ocrx_word' id='word_1_51' title='bbox 705 673 763 718; x_wconf 62' lang='lat' dir='ltr'>quoe</span> 
     </span>
     <span class='ocr_line' id='line_1_8' title="bbox 93 718 763 784; baseline 0.003 -16"><span class='ocrx_word' id='word_1_52' title='bbox 93 721 156 768; x_wconf 86' lang='lat' dir='ltr'>niam</span> <span class='ocrx_word' id='word_1_53' title='bbox 166 725 242 767; x_wconf 84' lang='lat' dir='ltr'>tamen</span> <span class='ocrx_word' id='word_1_54' title='bbox 258 718 360 768; x_wconf 76' lang='lat' dir='ltr'>aSicilid</span> <span class='ocrx_word' id='word_1_55' title='bbox 378 722 455 776; x_wconf 84' lang='lat' dir='ltr'>abiret,</span> <span class='ocrx_word' id='word_1_56' title='bbox 474 738 516 784; x_wconf 90' lang='lat' dir='ltr'>pro</span> <span class='ocrx_word' id='word_1_57' title='bbox 531 722 592 769; x_wconf 83' lang='lat' dir='ltr'>victo</span> <span class='ocrx_word' id='word_1_58' title='bbox 610 721 691 784; x_wconf 78' lang='lat' dir='ltr'>fugere</span> <span class='ocrx_word' id='word_1_59' title='bbox 701 722 763 770; x_wconf 82' lang='lat' dir='ltr'>visus</span> 
     </span>
     <span class='ocr_line' id='line_1_9' title="bbox 93 785 763 849; baseline 0.003 -17"><span class='ocrx_word' id='word_1_60' title='bbox 93 792 145 832; x_wconf 83' lang='lat' dir='ltr'>est:</span> <span class='ocrx_word' id='word_1_61' title='bbox 164 799 191 830; x_wconf 88' lang='lat' dir='ltr'>ac</span> <span class='ocrx_word' id='word_1_62' title='bbox 210 793 327 847; x_wconf 89' lang='lat' dir='ltr'>propterea</span> <span class='ocrx_word' id='word_1_63' title='bbox 341 787 396 833; x_wconf 88' lang='lat' dir='ltr'>socii</span> <span class='ocrx_word' id='word_1_64' title='bbox 412 788 478 834; x_wconf 85' lang='lat' dir='ltr'>abeo</span> <span class='ocrx_word' id='word_1_65' title='bbox 489 785 632 845; x_wconf 75' lang='lat' dir='ltr'>defecerunt5</span> <span class='ocrx_word' id='word_1_66' title='bbox 651 794 675 834; x_wconf 92' lang='lat' dir='ltr'>et</span> <span class='ocrx_word' id='word_1_67' title='bbox 691 788 763 849; x_wconf 88' lang='lat' dir='ltr'>impe-</span> 
     </span>
     <span class='ocr_line' id='line_1_10' title="bbox 94 848 762 913; baseline 0.006 -18"><span class='ocrx_word' id='word_1_68' title='bbox 94 850 153 895; x_wconf 92' lang='lat' dir='ltr'>rium</span> <span class='ocrx_word' id='word_1_69' title='bbox 166 849 249 896; x_wconf 85' lang='lat' dir='ltr'>Siciliae</span> <span class='ocrx_word' id='word_1_70' title='bbox 261 858 307 896; x_wconf 86' lang='lat' dir='ltr'>tam</span> <span class='ocrx_word' id='word_1_71' title='bbox 319 852 363 896; x_wconf 82' lang='lat' dir='ltr'>cito</span> <span class='ocrx_word' id='word_1_72' title='bbox 380 852 462 907; x_wconf 86' lang='lat' dir='ltr'>amisit,</span> <span class='ocrx_word' id='word_1_73' title='bbox 473 867 540 913; x_wconf 89' lang='lat' dir='ltr'>quam</span> <span class='ocrx_word' id='word_1_74' title='bbox 555 850 621 899; x_wconf 79' lang='lat' dir='ltr'>facile</span> <span class='ocrx_word' id='word_1_75' title='bbox 636 848 762 913; x_wconf 81' lang='lat' dir='ltr'>quaesierat.</span> 
     </span>
     <span class='ocr_line' id='line_1_11' title="bbox 96 911 763 980; baseline 0.004 -20"><span class='ocrx_word' id='word_1_76' title='bbox 96 914 144 960; x_wconf 89' lang='lat' dir='ltr'>Sed</span> <span class='ocrx_word' id='word_1_77' title='bbox 154 929 197 961; x_wconf 91' lang='lat' dir='ltr'>nec</span> <span class='ocrx_word' id='word_1_78' title='bbox 207 914 231 960; x_wconf 92' lang='lat' dir='ltr'>in</span> <span class='ocrx_word' id='word_1_79' title='bbox 243 911 309 962; x_wconf 76' lang='lat' dir='ltr'>Italia</span> <span class='ocrx_word' id='word_1_80' title='bbox 327 915 421 962; x_wconf 89' lang='lat' dir='ltr'>meliore</span> <span class='ocrx_word' id='word_1_81' title='bbox 435 915 543 964; x_wconf 87' lang='lat' dir='ltr'>felicitate</span> <span class='ocrx_word' id='word_1_82' title='bbox 554 932 616 975; x_wconf 88' lang='lat' dir='ltr'>usus,</span> <span class='ocrx_word' id='word_1_83' title='bbox 631 918 654 963; x_wconf 92' lang='lat' dir='ltr'>in</span> <span class='ocrx_word' id='word_1_84' title='bbox 667 916 763 980; x_wconf 87' lang='lat' dir='ltr'>Epirum</span> 
     </span>
     <span class='ocr_line' id='line_1_12' title="bbox 93 979 764 1042; baseline 0.006 -17"><span class='ocrx_word' id='word_1_85' title='bbox 93 979 220 1026; x_wconf 82' lang='lat' dir='ltr'>revertitur.</span> <span class='ocrx_word' id='word_1_86' title='bbox 253 980 397 1027; x_wconf 87' lang='lat' dir='ltr'>Admirabilis</span> <span class='ocrx_word' id='word_1_87' title='bbox 407 982 522 1042; x_wconf 86' lang='lat' dir='ltr'>utriusque</span> <span class='ocrx_word' id='word_1_88' title='bbox 534 983 565 1028; x_wconf 89' lang='lat' dir='ltr'>rei</span> <span class='ocrx_word' id='word_1_89' title='bbox 576 997 641 1029; x_wconf 89' lang='lat' dir='ltr'>casus</span> <span class='ocrx_word' id='word_1_90' title='bbox 651 983 675 1028; x_wconf 90' lang='lat' dir='ltr'>in</span> <span class='ocrx_word' id='word_1_91' title='bbox 686 997 764 1029; x_wconf 78' lang='lat' dir='ltr'>exem·</span> 
     </span>
     <span class='ocr_line' id='line_1_13' title="bbox 94 1043 764 1106; baseline 0.006 -16"><span class='ocrx_word' id='word_1_92' title='bbox 94 1043 158 1106; x_wconf 90' lang='lat' dir='ltr'>plum</span> <span class='ocrx_word' id='word_1_93' title='bbox 169 1043 219 1091; x_wconf 75' lang='lat' dir='ltr'>fuit</span> <span class='ocrx_word' id='word_1_94' title='bbox 250 1043 320 1100; x_wconf 86' lang='lat' dir='ltr'>Nam,</span> <span class='ocrx_word' id='word_1_95' title='bbox 340 1045 399 1092; x_wconf 90' lang='lat' dir='ltr'>sicut</span> <span class='ocrx_word' id='word_1_96' title='bbox 416 1055 469 1093; x_wconf 88' lang='lat' dir='ltr'>ante</span> <span class='ocrx_word' id='word_1_97' title='bbox 480 1047 578 1104; x_wconf 86' lang='lat' dir='ltr'>secunda</span> <span class='ocrx_word' id='word_1_98' title='bbox 588 1046 686 1102; x_wconf 85' lang='lat' dir='ltr'>fortuna,</span> <span class='ocrx_word' id='word_1_99' title='bbox 697 1047 764 1095; x_wconf 88' lang='lat' dir='ltr'>rebus</span> 
     </span>
     <span class='ocr_line' id='line_1_14' title="bbox 95 1104 764 1174; baseline 0.004 -19"><span class='ocrx_word' id='word_1_100' title='bbox 95 1123 164 1171; x_wconf 86' lang='lat' dir='ltr'>supra</span> <span class='ocrx_word' id='word_1_101' title='bbox 174 1116 228 1155; x_wconf 82' lang='lat' dir='ltr'>vota</span> <span class='ocrx_word' id='word_1_102' title='bbox 237 1104 365 1165; x_wconf 80' lang='lat' dir='ltr'>fluentibus,</span> <span class='ocrx_word' id='word_1_103' title='bbox 376 1108 451 1157; x_wconf 86' lang='lat' dir='ltr'>Italiae</span> <span class='ocrx_word' id='word_1_104' title='bbox 468 1110 594 1171; x_wconf 78' lang='lat' dir='ltr'>Siciliaeque</span> <span class='ocrx_word' id='word_1_105' title='bbox 604 1113 729 1174; x_wconf 88' lang='lat' dir='ltr'>imperium,</span> <span class='ocrx_word' id='word_1_106' title='bbox 741 1120 764 1159; x_wconf 88' lang='lat' dir='ltr'>et</span> 
     </span>
     <span class='ocr_line' id='line_1_15' title="bbox 94 1172 763 1231; baseline 0.006 -11"><span class='ocrx_word' id='word_1_107' title='bbox 94 1181 130 1221; x_wconf 91' lang='lat' dir='ltr'>tot</span> <span class='ocrx_word' id='word_1_108' title='bbox 142 1173 170 1219; x_wconf 91' lang='lat' dir='ltr'>de</span> <span class='ocrx_word' id='word_1_109' title='bbox 188 1172 299 1220; x_wconf 86' lang='lat' dir='ltr'>Romanis</span> <span class='ocrx_word' id='word_1_110' title='bbox 314 1175 420 1220; x_wconf 86' lang='lat' dir='ltr'>victorias</span> <span class='ocrx_word' id='word_1_111' title='bbox 431 1174 583 1231; x_wconf 84' lang='lat' dir='ltr'>adstruxerat3</span> <span class='ocrx_word' id='word_1_112' title='bbox 601 1177 633 1220; x_wconf 85' lang='lat' dir='ltr'>ita</span> <span class='ocrx_word' id='word_1_113' title='bbox 645 1191 706 1222; x_wconf 90' lang='lat' dir='ltr'>nunc</span> <span class='ocrx_word' id='word_1_114' title='bbox 723 1178 763 1224; x_wconf 80' lang='lat' dir='ltr'>sd-</span> 
     </span>
     <span class='ocr_line' id='line_1_16' title="bbox 94 1238 764 1302; baseline 0.004 -17"><span class='ocrx_word' id='word_1_115' title='bbox 94 1253 169 1292; x_wconf 87' lang='lat' dir='ltr'>versa,</span> <span class='ocrx_word' id='word_1_116' title='bbox 184 1238 259 1302; x_wconf 84' lang='lat' dir='ltr'>(velut</span> <span class='ocrx_word' id='word_1_117' title='bbox 277 1240 301 1285; x_wconf 91' lang='lat' dir='ltr'>in</span> <span class='ocrx_word' id='word_1_118' title='bbox 318 1239 493 1286; x_wconf 74' lang='lat' dir='ltr'>ostentationem</span> <span class='ocrx_word' id='word_1_119' title='bbox 509 1238 637 1300; x_wconf 80' lang='lat' dir='ltr'>fragilitatis</span> <span class='ocrx_word' id='word_1_120' title='bbox 648 1241 764 1302; x_wconf 87' lang='lat' dir='ltr'>humanae)</span> 
     </span>
     <span class='ocr_line' id='line_1_17' title="bbox 95 1303 764 1364; baseline 0.004 -14"><span class='ocrx_word' id='word_1_121' title='bbox 95 1303 214 1350; x_wconf 88' lang='lat' dir='ltr'>destruens</span> <span class='ocrx_word' id='word_1_122' title='bbox 225 1319 276 1364; x_wconf 85' lang='lat' dir='ltr'>quae</span> <span class='ocrx_word' id='word_1_123' title='bbox 287 1305 445 1359; x_wconf 79' lang='lat' dir='ltr'>cumulaverat,</span> <span class='ocrx_word' id='word_1_124' title='bbox 465 1304 574 1352; x_wconf 80' lang='lat' dir='ltr'>Siciliensi</span> <span class='ocrx_word' id='word_1_125' title='bbox 586 1304 657 1350; x_wconf 86' lang='lat' dir='ltr'>ruinae</span> <span class='ocrx_word' id='word_1_126' title='bbox 674 1304 764 1353; x_wconf 83' lang='lat' dir='ltr'>naufra-</span> 
     </span>
     <span class='ocr_line' id='line_1_18' title="bbox 94 1368 764 1431; baseline 0.001 -17"><span class='ocrx_word' id='word_1_127' title='bbox 94 1368 160 1430; x_wconf 82' lang='lat' dir='ltr'>gium</span> <span class='ocrx_word' id='word_1_128' title='bbox 171 1369 246 1425; x_wconf 84' lang='lat' dir='ltr'>maris,</span> <span class='ocrx_word' id='word_1_129' title='bbox 258 1376 282 1415; x_wconf 87' lang='lat' dir='ltr'>et</span> <span class='ocrx_word' id='word_1_130' title='bbox 297 1368 381 1416; x_wconf 87' lang='lat' dir='ltr'>foedam</span> <span class='ocrx_word' id='word_1_131' title='bbox 398 1370 505 1417; x_wconf 84' lang='lat' dir='ltr'>adversus</span> <span class='ocrx_word' id='word_1_132' title='bbox 522 1368 639 1416; x_wconf 87' lang='lat' dir='ltr'>Romanos</span> <span class='ocrx_word' id='word_1_133' title='bbox 655 1384 764 1431; x_wconf 81' lang='lat' dir='ltr'>pugnam,</span> 
     </span>
     <span class='ocr_line' id='line_1_19' title="bbox 93 1432 571 1497; baseline 0.004 -18"><span class='ocrx_word' id='word_1_134' title='bbox 93 1439 229 1494; x_wconf 84' lang='lat' dir='ltr'>turpemque</span> <span class='ocrx_word' id='word_1_135' title='bbox 240 1436 267 1481; x_wconf 91' lang='lat' dir='ltr'>ab</span> <span class='ocrx_word' id='word_1_136' title='bbox 278 1432 344 1480; x_wconf 79' lang='lat' dir='ltr'>Italid</span> <span class='ocrx_word' id='word_1_137' title='bbox 354 1435 476 1482; x_wconf 82' lang='lat' dir='ltr'>discessum</span> <span class='ocrx_word' id='word_1_138' title='bbox 485 1433 571 1497; x_wconf 77' lang='lat' dir='ltr'>adJecit</span> 
     </span>
     <span class='ocr_line' id='line_1_20' title="bbox 127 1495 765 1562; baseline 0.002 -19"><span class='ocrx_word' id='word_1_139' title='bbox 127 1495 174 1543; x_wconf 89' lang='lat' dir='ltr'>IV.</span> <span class='ocrx_word' id='word_1_140' title='bbox 192 1497 249 1545; x_wconf 89' lang='lat' dir='ltr'>Post</span> <span class='ocrx_word' id='word_1_141' title='bbox 265 1499 427 1562; x_wconf 86' lang='lat' dir='ltr'>prosectionem</span> <span class='ocrx_word' id='word_1_142' title='bbox 444 1515 458 1546; x_wconf 88' lang='lat' dir='ltr'>a</span> <span class='ocrx_word' id='word_1_143' title='bbox 476 1497 552 1546; x_wconf 77' lang='lat' dir='ltr'>sicilia</span> <span class='ocrx_word' id='word_1_144' title='bbox 570 1497 662 1559; x_wconf 86' lang='lat' dir='ltr'>Pyrrhi,</span> <span class='ocrx_word' id='word_1_145' title='bbox 691 1514 765 1562; x_wconf 80' lang='lat' dir='ltr'>magr·</span> 
     </span>
     <span class='ocr_line' id='line_1_21' title="bbox 95 1561 765 1626; baseline 0 -15"><span class='ocrx_word' id='word_1_146' title='bbox 95 1569 181 1611; x_wconf 82' lang='lat' dir='ltr'>stratus</span> <span class='ocrx_word' id='word_1_147' title='bbox 189 1561 262 1611; x_wconf 88' lang='lat' dir='ltr'>Hiero</span> <span class='ocrx_word' id='word_1_148' title='bbox 274 1572 376 1621; x_wconf 73' lang='lat' dir='ltr'>creatur,</span> <span class='ocrx_word' id='word_1_149' title='bbox 393 1566 457 1626; x_wconf 89' lang='lat' dir='ltr'>cujus</span> <span class='ocrx_word' id='word_1_150' title='bbox 467 1571 530 1612; x_wconf 85' lang='lat' dir='ltr'>tanta</span> <span class='ocrx_word' id='word_1_151' title='bbox 538 1564 661 1610; x_wconf 88' lang='lat' dir='ltr'>moderatio</span> <span class='ocrx_word' id='word_1_152' title='bbox 671 1561 720 1619; x_wconf 82' lang='lat' dir='ltr'>fuit,</span> <span class='ocrx_word' id='word_1_153' title='bbox 733 1571 765 1622; x_wconf 85' lang='lat' dir='ltr'>ut,</span> 
     </span>
     <span class='ocr_line' id='line_1_22' title="bbox 95 1627 766 1683; baseline 0.003 -8"><span class='ocrx_word' id='word_1_154' title='bbox 95 1628 253 1675; x_wconf 87' lang='lat' dir='ltr'>consentiente</span> <span class='ocrx_word' id='word_1_155' title='bbox 263 1629 363 1675; x_wconf 89' lang='lat' dir='ltr'>omnium</span> <span class='ocrx_word' id='word_1_156' title='bbox 372 1630 496 1677; x_wconf 80' lang='lat' dir='ltr'>civitatium</span> <span class='ocrx_word' id='word_1_157' title='bbox 507 1628 592 1683; x_wconf 75' lang='lat' dir='ltr'>favore,</span> <span class='ocrx_word' id='word_1_158' title='bbox 604 1629 650 1674; x_wconf 83' lang='lat' dir='ltr'>dux</span> <span class='ocrx_word' id='word_1_159' title='bbox 658 1627 766 1677; x_wconf 85' lang='lat' dir='ltr'>adversus</span> 
     </span>
     <span class='ocr_line' id='line_1_23' title="bbox 96 1690 766 1759; baseline 0.001 -18"><span class='ocrx_word' id='word_1_160' title='bbox 96 1690 297 1755; x_wconf 79' lang='lat' dir='ltr'>Carthaginienses</span> <span class='ocrx_word' id='word_1_161' title='bbox 305 1695 408 1755; x_wconf 83' lang='lat' dir='ltr'>primum,</span> <span class='ocrx_word' id='word_1_162' title='bbox 420 1709 475 1740; x_wconf 89' lang='lat' dir='ltr'>mox</span> <span class='ocrx_word' id='word_1_163' title='bbox 485 1709 532 1748; x_wconf 86' lang='lat' dir='ltr'>rex,</span> <span class='ocrx_word' id='word_1_164' title='bbox 544 1699 663 1759; x_wconf 76' lang='lat' dir='ltr'>crearetur.</span> <span class='ocrx_word' id='word_1_165' title='bbox 687 1692 766 1758; x_wconf 78' lang='lat' dir='ltr'>HnJus</span> 
     </span>
     <span class='ocr_line' id='line_1_24' title="bbox 94 1757 766 1823; baseline 0.004 -18"><span class='ocrx_word' id='word_1_166' title='bbox 94 1757 179 1805; x_wconf 83' lang='lat' dir='ltr'>futurae</span> <span class='ocrx_word' id='word_1_167' title='bbox 195 1759 317 1822; x_wconf 87' lang='lat' dir='ltr'>majestatis</span> <span class='ocrx_word' id='word_1_168' title='bbox 335 1759 383 1820; x_wconf 89' lang='lat' dir='ltr'>ipsa</span> <span class='ocrx_word' id='word_1_169' title='bbox 402 1757 494 1804; x_wconf 81' lang='lat' dir='ltr'>infantis</span> <span class='ocrx_word' id='word_1_170' title='bbox 511 1758 612 1805; x_wconf 83' lang='lat' dir='ltr'>educatio</span> <span class='ocrx_word' id='word_1_171' title='bbox 629 1759 693 1819; x_wconf 90' lang='lat' dir='ltr'>quasi</span> <span class='ocrx_word' id='word_1_172' title='bbox 707 1774 766 1823; x_wconf 82' lang='lat' dir='ltr'>prae·</span> 
     </span>
     <span class='ocr_line' id='line_1_25' title="bbox 95 1821 765 1885; baseline 0.006 -16"><span class='ocrx_word' id='word_1_173' title='bbox 95 1823 178 1870; x_wconf 89' lang='lat' dir='ltr'>nuntia</span> <span class='ocrx_word' id='word_1_174' title='bbox 187 1821 245 1869; x_wconf 80' lang='lat' dir='ltr'>luit:</span> <span class='ocrx_word' id='word_1_175' title='bbox 264 1823 346 1884; x_wconf 86' lang='lat' dir='ltr'>quippe</span> <span class='ocrx_word' id='word_1_176' title='bbox 356 1823 448 1885; x_wconf 84' lang='lat' dir='ltr'>genitus</span> <span class='ocrx_word' id='word_1_177' title='bbox 459 1830 506 1870; x_wconf 87' lang='lat' dir='ltr'>erat</span> <span class='ocrx_word' id='word_1_178' title='bbox 516 1830 579 1885; x_wconf 88' lang='lat' dir='ltr'>patre</span> <span class='ocrx_word' id='word_1_179' title='bbox 594 1823 711 1881; x_wconf 86' lang='lat' dir='ltr'>Hierocle,</span> <span class='ocrx_word' id='word_1_180' title='bbox 723 1840 765 1873; x_wconf 94' lang='lat' dir='ltr'>no-</span> 
     </span>
     <span class='ocr_line' id='line_1_26' title="bbox 94 1887 764 1951; baseline 0 -17"><span class='ocrx_word' id='word_1_181' title='bbox 94 1887 136 1934; x_wconf 89' lang='lat' dir='ltr'>bili</span> <span class='ocrx_word' id='word_1_182' title='bbox 147 1887 204 1940; x_wconf 84' lang='lat' dir='ltr'>viro,</span> <span class='ocrx_word' id='word_1_183' title='bbox 217 1889 282 1950; x_wconf 88' lang='lat' dir='ltr'>cujus</span> <span class='ocrx_word' id='word_1_184' title='bbox 291 1887 377 1951; x_wconf 85' lang='lat' dir='ltr'>origoa</span> <span class='ocrx_word' id='word_1_185' title='bbox 387 1887 483 1943; x_wconf 86' lang='lat' dir='ltr'>Gelone,</span> <span class='ocrx_word' id='word_1_186' title='bbox 495 1889 586 1950; x_wconf 90' lang='lat' dir='ltr'>antiquo</span> <span class='ocrx_word' id='word_1_187' title='bbox 595 1888 678 1936; x_wconf 69' lang='lat' dir='ltr'>Siciliae</span> <span class='ocrx_word' id='word_1_188' title='bbox 685 1896 764 1949; x_wconf 88' lang='lat' dir='ltr'>tyran·</span> 
     </span>
     <span class='ocr_line' id='line_1_27' title="bbox 96 1952 765 2015; baseline 0.003 -17"><span class='ocrx_word' id='word_1_189' title='bbox 96 1967 135 2006; x_wconf 88' lang='lat' dir='ltr'>no,</span> <span class='ocrx_word' id='word_1_190' title='bbox 147 1952 264 1999; x_wconf 83' lang='lat' dir='ltr'>manahat:</span> <span class='ocrx_word' id='word_1_191' title='bbox 284 1953 324 1999; x_wconf 91' lang='lat' dir='ltr'>sed</span> <span class='ocrx_word' id='word_1_192' title='bbox 334 1959 460 2008; x_wconf 79' lang='lat' dir='ltr'>maternum</span> <span class='ocrx_word' id='word_1_193' title='bbox 471 1953 503 1999; x_wconf 91' lang='lat' dir='ltr'>illi</span> <span class='ocrx_word' id='word_1_194' title='bbox 514 1969 587 2015; x_wconf 83' lang='lat' dir='ltr'>genus</span> <span class='ocrx_word' id='word_1_195' title='bbox 598 1954 719 2008; x_wconf 88' lang='lat' dir='ltr'>sordidum,</span> <span class='ocrx_word' id='word_1_196' title='bbox 731 1960 765 2000; x_wconf 88' lang='lat' dir='ltr'>at·</span> 
     </span>
     <span class='ocr_line' id='line_1_28' title="bbox 96 2016 766 2080; baseline 0.001 -16"><span class='ocrx_word' id='word_1_197' title='bbox 96 2031 142 2078; x_wconf 90' lang='lat' dir='ltr'>que</span> <span class='ocrx_word' id='word_1_198' title='bbox 158 2016 215 2062; x_wconf 86' lang='lat' dir='ltr'>adeo</span> <span class='ocrx_word' id='word_1_199' title='bbox 225 2018 354 2080; x_wconf 90' lang='lat' dir='ltr'>pudendum</span> <span class='ocrx_word' id='word_1_200' title='bbox 371 2018 428 2065; x_wconf 68' lang='lat' dir='ltr'>luite</span> <span class='ocrx_word' id='word_1_201' title='bbox 447 2033 499 2065; x_wconf 91' lang='lat' dir='ltr'>nam</span> <span class='ocrx_word' id='word_1_202' title='bbox 511 2033 541 2065; x_wconf 87' lang='lat' dir='ltr'>ex</span> <span class='ocrx_word' id='word_1_203' title='bbox 551 2016 632 2065; x_wconf 71' lang='lat' dir='ltr'>ancilla</span> <span class='ocrx_word' id='word_1_204' title='bbox 649 2025 723 2076; x_wconf 88' lang='lat' dir='ltr'>natus,</span> <span class='ocrx_word' id='word_1_205' title='bbox 739 2032 766 2065; x_wconf 87' lang='lat' dir='ltr'>sc</span> 
     </span>
     <span class='ocr_line' id='line_1_29' title="bbox 95 2082 765 2144; baseline 0.001 -16"><span class='ocrx_word' id='word_1_206' title='bbox 95 2087 217 2144; x_wconf 86' lang='lat' dir='ltr'>propterea</span> <span class='ocrx_word' id='word_1_207' title='bbox 227 2097 241 2129; x_wconf 88' lang='lat' dir='ltr'>a</span> <span class='ocrx_word' id='word_1_208' title='bbox 251 2089 321 2144; x_wconf 82' lang='lat' dir='ltr'>patre,</span> <span class='ocrx_word' id='word_1_209' title='bbox 341 2083 405 2130; x_wconf 83' lang='lat' dir='ltr'>velut</span> <span class='ocrx_word' id='word_1_210' title='bbox 419 2082 643 2130; x_wconf 82' lang='lat' dir='ltr'>dehonestamentum</span> <span class='ocrx_word' id='word_1_211' title='bbox 665 2082 765 2142; x_wconf 85' lang='lat' dir='ltr'>generis,</span> 
     </span>
     <span class='ocr_line' id='line_1_30' title="bbox 95 2145 766 2213; baseline 0.006 -22"><span class='ocrx_word' id='word_1_212' title='bbox 95 2147 215 2208; x_wconf 84' lang='lat' dir='ltr'>expositus</span> <span class='ocrx_word' id='word_1_213' title='bbox 232 2145 313 2194; x_wconf 82' lang='lat' dir='ltr'>fuerat.</span> <span class='ocrx_word' id='word_1_214' title='bbox 347 2147 392 2194; x_wconf 87' lang='lat' dir='ltr'>Sed</span> <span class='ocrx_word' id='word_1_215' title='bbox 410 2147 535 2213; x_wconf 81' lang='lat' dir='ltr'>parvulum,</span> <span class='ocrx_word' id='word_1_216' title='bbox 553 2154 576 2193; x_wconf 92' lang='lat' dir='ltr'>et</span> <span class='ocrx_word' id='word_1_217' title='bbox 592 2147 698 2193; x_wconf 84' lang='lat' dir='ltr'>humanae</span> <span class='ocrx_word' id='word_1_218' title='bbox 716 2147 766 2209; x_wconf 85' lang='lat' dir='ltr'>opis</span> 
     </span>
     <span class='ocr_line' id='line_1_31' title="bbox 94 2211 768 2275; baseline 0.003 -17"><span class='ocrx_word' id='word_1_219' title='bbox 94 2222 210 2274; x_wconf 83' lang='lat' dir='ltr'>egentem,</span> <span class='ocrx_word' id='word_1_220' title='bbox 227 2226 287 2273; x_wconf 84' lang='lat' dir='ltr'>apes,</span> <span class='ocrx_word' id='word_1_221' title='bbox 302 2220 411 2275; x_wconf 84' lang='lat' dir='ltr'>congesto</span> <span class='ocrx_word' id='word_1_222' title='bbox 418 2213 598 2275; x_wconf 79' lang='lat' dir='ltr'>circaJ&#39;scentem</span> <span class='ocrx_word' id='word_1_223' title='bbox 606 2211 678 2266; x_wconf 87' lang='lat' dir='ltr'>melle,</span> <span class='ocrx_word' id='word_1_224' title='bbox 690 2212 768 2260; x_wconf 84' lang='lat' dir='ltr'>multis</span> 
     </span>
     <span class='ocr_line' id='line_1_32' title="bbox 95 2273 824 2339; baseline 0.003 -17"><span class='ocrx_word' id='word_1_225' title='bbox 95 2276 176 2329; x_wconf 85' lang='lat' dir='ltr'>diebus</span> <span class='ocrx_word' id='word_1_226' title='bbox 187 2273 270 2322; x_wconf 67' lang='lat' dir='ltr'>aluere.</span> <span class='ocrx_word' id='word_1_227' title='bbox 301 2276 338 2324; x_wconf 89' lang='lat' dir='ltr'>Ob</span> <span class='ocrx_word' id='word_1_228' title='bbox 353 2292 420 2339; x_wconf 91' lang='lat' dir='ltr'>qnam</span> <span class='ocrx_word' id='word_1_229' title='bbox 436 2291 484 2323; x_wconf 89' lang='lat' dir='ltr'>rem</span> <span class='ocrx_word' id='word_1_230' title='bbox 499 2291 606 2338; x_wconf 88' lang='lat' dir='ltr'>responso</span> <span class='ocrx_word' id='word_1_231' title='bbox 624 2277 766 2339; x_wconf 80' lang='lat' dir='ltr'>haruspicum</span> <span class='ocrx_word' id='word_1_232' title='bbox 823 2288 824 2295; x_wconf 59' lang='lat'>¹</span> 
     </span>
     <span class='ocr_line' id='line_1_33' title="bbox 95 2340 766 2403; baseline 0.003 -15"><span class='ocrx_word' id='word_1_233' title='bbox 95 2340 226 2388; x_wconf 86' lang='lat' dir='ltr'>admonitus</span> <span class='ocrx_word' id='word_1_234' title='bbox 236 2348 305 2403; x_wconf 88' lang='lat' dir='ltr'>pater,</span> <span class='ocrx_word' id='word_1_235' title='bbox 324 2343 362 2402; x_wconf 91' lang='lat' dir='ltr'>qui</span> <span class='ocrx_word' id='word_1_236' title='bbox 374 2356 469 2403; x_wconf 81' lang='lat' dir='ltr'>regnum</span> <span class='ocrx_word' id='word_1_237' title='bbox 487 2340 567 2387; x_wconf 82' lang='lat' dir='ltr'>infanti</span> <span class='ocrx_word' id='word_1_238' title='bbox 578 2341 681 2403; x_wconf 88' lang='lat' dir='ltr'>portendi</span> <span class='ocrx_word' id='word_1_239' title='bbox 698 2357 766 2390; x_wconf 86' lang='lat' dir='ltr'>cane·</span> 
     </span>
     <span class='ocr_line' id='line_1_34' title="bbox 95 2405 767 2469; baseline 0.003 -17"><span class='ocrx_word' id='word_1_240' title='bbox 95 2407 159 2461; x_wconf 84' lang='lat' dir='ltr'>bant,</span> <span class='ocrx_word' id='word_1_241' title='bbox 177 2406 295 2466; x_wconf 83' lang='lat' dir='ltr'>parvulum</span> <span class='ocrx_word' id='word_1_242' title='bbox 314 2405 433 2468; x_wconf 77' lang='lat' dir='ltr'>recolligit,</span> <span class='ocrx_word' id='word_1_243' title='bbox 449 2406 555 2467; x_wconf 88' lang='lat' dir='ltr'>omnique</span> <span class='ocrx_word' id='word_1_244' title='bbox 573 2406 647 2454; x_wconf 87' lang='lat' dir='ltr'>studio</span> <span class='ocrx_word' id='word_1_245' title='bbox 663 2406 692 2453; x_wconf 86' lang='lat' dir='ltr'>cd</span> <span class='ocrx_word' id='word_1_246' title='bbox 703 2422 767 2469; x_wconf 89' lang='lat' dir='ltr'>spem</span> 
     </span>
     <span class='ocr_line' id='line_1_35' title="bbox 94 2470 766 2533; baseline 0.004 -17"><span class='ocrx_word' id='word_1_247' title='bbox 94 2470 228 2533; x_wconf 87' lang='lat' dir='ltr'>majestatis,</span> <span class='ocrx_word' id='word_1_248' title='bbox 245 2486 297 2532; x_wconf 88' lang='lat' dir='ltr'>quae</span> <span class='ocrx_word' id='word_1_249' title='bbox 314 2471 491 2533; x_wconf 80' lang='lat' dir='ltr'>promittebatur,</span> <span class='ocrx_word' id='word_1_250' title='bbox 506 2471 610 2518; x_wconf 83' lang='lat' dir='ltr'>instituit</span> <span class='ocrx_word' id='word_1_251' title='bbox 642 2470 724 2519; x_wconf 88' lang='lat' dir='ltr'>Eidem</span> <span class='ocrx_word' id='word_1_252' title='bbox 742 2473 766 2519; x_wconf 90' lang='lat' dir='ltr'>in</span> 
     </span>
     <span class='ocr_line' id='line_1_36' title="bbox 95 2533 767 2597; baseline 0.001 -15"><span class='ocrx_word' id='word_1_253' title='bbox 95 2535 153 2582; x_wconf 88' lang='lat' dir='ltr'>ludo</span> <span class='ocrx_word' id='word_1_254' title='bbox 163 2535 225 2582; x_wconf 87' lang='lat' dir='ltr'>inter</span> <span class='ocrx_word' id='word_1_255' title='bbox 233 2537 360 2597; x_wconf 73' lang='lat' dir='ltr'>coequales</span> <span class='ocrx_word' id='word_1_256' title='bbox 369 2536 465 2582; x_wconf 87' lang='lat' dir='ltr'>discenti</span> <span class='ocrx_word' id='word_1_257' title='bbox 475 2536 541 2597; x_wconf 85' lang='lat' dir='ltr'>lupus</span> <span class='ocrx_word' id='word_1_258' title='bbox 551 2536 655 2590; x_wconf 81' lang='lat' dir='ltr'>tabulam,</span> <span class='ocrx_word' id='word_1_259' title='bbox 667 2537 691 2582; x_wconf 88' lang='lat' dir='ltr'>in</span> <span class='ocrx_word' id='word_1_260' title='bbox 702 2533 767 2583; x_wconf 62' lang='lat' dir='ltr'>turbis</span> 
     </span>
     <span class='ocr_line' id='line_1_37' title="bbox 95 2600 766 2663; baseline 0 -17"><span class='ocrx_word' id='word_1_261' title='bbox 95 2614 219 2663; x_wconf 88' lang='lat' dir='ltr'>puerorum</span> <span class='ocrx_word' id='word_1_262' title='bbox 230 2608 322 2663; x_wconf 87' lang='lat' dir='ltr'>repente</span> <span class='ocrx_word' id='word_1_263' title='bbox 337 2607 478 2662; x_wconf 85' lang='lat' dir='ltr'>conspectus,</span> <span class='ocrx_word' id='word_1_264' title='bbox 498 2601 586 2663; x_wconf 85' lang='lat' dir='ltr'>eripuit.</span> <span class='ocrx_word' id='word_1_265' title='bbox 618 2600 766 2648; x_wconf 81' lang='lat' dir='ltr'>Adolescenti</span> 
     </span>
     <span class='ocr_line' id='line_1_38' title="bbox 96 2665 766 2728; baseline 0 -16"><span class='ocrx_word' id='word_1_266' title='bbox 96 2679 189 2726; x_wconf 89' lang='lat' dir='ltr'>quoqne</span> <span class='ocrx_word' id='word_1_267' title='bbox 203 2665 276 2728; x_wconf 85' lang='lat' dir='ltr'>prima</span> <span class='ocrx_word' id='word_1_268' title='bbox 294 2666 352 2713; x_wconf 85' lang='lat' dir='ltr'>bella</span> <span class='ocrx_word' id='word_1_269' title='bbox 361 2666 448 2712; x_wconf 89' lang='lat' dir='ltr'>ineunti</span> <span class='ocrx_word' id='word_1_270' title='bbox 459 2665 533 2727; x_wconf 89' lang='lat' dir='ltr'>aquila</span> <span class='ocrx_word' id='word_1_271' title='bbox 542 2665 566 2712; x_wconf 92' lang='lat' dir='ltr'>in</span> <span class='ocrx_word' id='word_1_272' title='bbox 583 2666 670 2726; x_wconf 84' lang='lat' dir='ltr'>clypeo,</span> <span class='ocrx_word' id='word_1_273' title='bbox 683 2670 766 2712; x_wconf 83' lang='lat' dir='ltr'>noctua</span> 
     </span>
     <span class='ocr_line' id='line_1_39' title="bbox 94 2726 763 2795; baseline -0.001 -18"><span class='ocrx_word' id='word_1_274' title='bbox 94 2730 120 2777; x_wconf 91' lang='lat' dir='ltr'>in</span> <span class='ocrx_word' id='word_1_275' title='bbox 131 2726 199 2779; x_wconf 62' lang='lat' dir='ltr'>hasti</span> <span class='ocrx_word' id='word_1_276' title='bbox 208 2730 323 2782; x_wconf 80' lang='lat' dir='ltr'>consedit:</span> <span class='ocrx_word' id='word_1_277' title='bbox 342 2730 403 2795; x_wconf 89' lang='lat' dir='ltr'>quod</span> <span class='ocrx_word' id='word_1_278' title='bbox 410 2737 525 2780; x_wconf 86' lang='lat' dir='ltr'>ostentum</span> <span class='ocrx_word' id='word_1_279' title='bbox 534 2736 557 2778; x_wconf 89' lang='lat' dir='ltr'>et</span> <span class='ocrx_word' id='word_1_280' title='bbox 564 2729 658 2779; x_wconf 87' lang='lat' dir='ltr'>consilio</span> <span class='ocrx_word' id='word_1_281' title='bbox 666 2736 763 2787; x_wconf 87' lang='lat' dir='ltr'>cautum,</span> 
     </span>
     <span class='ocr_line' id='line_1_40' title="bbox 462 2798 538 2842; baseline -0.013 0"><span class='ocrx_word' id='word_1_282' title='bbox 462 2798 505 2842; x_wconf 78' lang='lat'>21</span> <span class='ocrx_word' id='word_1_283' title='bbox 522 2798 538 2841; x_wconf 81' lang='lat'><strong>8</strong></span> 
     </span>
    </p>
   </div>
   <div class='ocr_carea' id='block_1_3' title="bbox 0 0 911 2942">
    <p class='ocr_par' dir='ltr' id='par_1_3' title="bbox 0 0 911 2942">
     <span class='ocr_line' id='line_1_41' title="bbox 0 0 911 2942; baseline 0 0"><span class='ocrx_word' id='word_1_284' title='bbox 0 0 911 2942; x_wconf 95' lang='lat' dir='ltr'> </span> 
     </span>
    </p>
   </div>
  </div>
 </body>
</html>
