1800 2942
231 151 369 203 JUSTINI
386 152 440 202 Lu.
451 152 487 201 II.
503 152 611 204 caeli.
708 156 753 202 1⁷1

85 282 164 332 statim
174 297 237 331 arma
247 283 345 345 capiunt,
362 290 386 346 et
399 285 500 331 sexcenti
510 284 553 332 viri
564 290 637 331 rastra
646 282 759 345 quingen&

86 356 163 398 torum
180 348 276 395 millium
292 349 419 410 irrumpunt
424 366 434 406 3
451 351 572 410 statimque
593 349 654 411 regis
675 355 758 409 praeto-

87 414 146 460 rium
158 420 245 475 petunt,
258 421 298 461 aut
311 428 363 461 cum
371 414 417 470 illo,
429 415 448 461 si
460 415 503 477 ipsi
514 414 614 479 oppressi
624 420 707 468 essent,
718 420 759 459 nut

85 479 110 526 in
118 479 189 541 ipsius
200 479 341 541 potissimum
358 479 417 534 sede,
429 481 540 527 morituri.
571 478 694 527 Tumultus
705 478 760 524 totis

86 543 167 592 castris
183 544 262 591 oritur.
294 544 405 607 Spartani,
418 552 564 607 posteaquam
575 560 653 607 regem
665 557 711 589 non
722 544 758 588 in·

84 609 188 665 veniunt,
196 623 237 671 per
248 610 508 658 omniscastravictores
515 618 644 672 vagantum
661 607 760 663 caedunt,

86 681 237 735 sternuntque
248 675 330 729 omnia,
346 676 418 736 utqui
429 675 502 722 sciant
515 690 651 737 repugnare
661 688 708 720 non
720 687 760 735 spe

86 739 199 795 victoriae,
215 740 289 787 sedin
299 740 380 790 mortis
396 740 513 789 ultionem.
545 740 682 788 Prseliuma
697 739 760 801 prin-

86 805 146 867 cipio
163 804 238 852 noctis
256 805 282 851 in
297 806 404 868 majorem
419 814 507 868 pnrtem
524 805 568 852 diei
584 812 689 852 tractum.
720 802 761 851 Ad

86 876 236 933 postremum,
254 884 300 916 non
322 871 383 926 victi,
402 871 442 918 sed
460 872 573 919 vincendo
589 870 684 932 fatigati,
701 870 761 917 inter

87 936 195 996 ingentes
220 942 341 982 stratorum
368 936 467 984 bostium
491 944 593 984 catervas
621 936 760 982 occiderunt.

87 999 187 1057 Xerxes,
199 1000 286 1048 duobus
296 1000 425 1048 uulneribus
442 1003 542 1050 terrestri
558 1001 639 1065 proelio
654 1000 760 1063 acceptis,

88 1065 185 1127 experiri
196 1065 266 1113 maris
273 1065 387 1113 fonunam
399 1068 484 1115 statuit.

119 1128 183 1189 ΧΠ,
201 1130 247 1180 Sed
262 1131 436 1178 Atheniensium
453 1133 500 1178 dux
516 1130 690 1189 Themistocles,
708 1144 761 1178 cum

87 1195 284 1243 animadvertisset
296 1194 371 1250 Ionns,
380 1204 472 1259 propter
482 1212 540 1257 quos
547 1196 630 1244 bellum
640 1194 761 1246 Persarum

87 1267 241 1323 susceperant,
252 1263 276 1308 in
286 1260 394 1308 auxilium
406 1262 468 1324 regis
478 1262 550 1309 classe
563 1261 660 1314 venisse,
677 1261 762 1308 sollici·

88 1332 138 1373 tare
153 1341 193 1374 eos
208 1326 230 1372 in
240 1334 316 1389 partes
334 1341 387 1374 suas
401 1328 494 1374 statuit:
513 1334 543 1381 et,
555 1341 607 1372 cum
619 1325 762 1387 colloquendi

88 1392 178 1453 copiam
189 1406 235 1438 non
246 1392 346 1449 haberet,
358 1407 403 1452 quo
418 1392 543 1454 applicituri
560 1398 631 1446 ersnt,
646 1390 762 1451 symbolos

86 1457 192 1521 proponi,
203 1466 228 1503 et
237 1458 297 1506 saxis
305 1457 412 1519 proscribi
423 1465 502 1505 curat:
524 1465 539 1488 ‘⁴
551 1455 611 1511 Quae
623 1471 672 1509 vos,
684 1454 761 1511 Iones,

87 1523 203 1572 dementia
220 1522 302 1569 tenet?
318 1522 378 1584 quod
392 1521 480 1570 lacinus
503 1520 610 1585 agitatis?
626 1521 710 1567 bellum
724 1521 761 1566 in·

84 1587 147 1636 serre
165 1586 219 1633 olim
230 1588 382 1635 conditoribus
392 1588 481 1643 restris,
500 1601 571 1650 nuper
586 1587 655 1635 etiam
667 1586 763 1633 vindici·

85 1654 137 1707 bus,
156 1652 282 1714 cogitatis?
315 1652 416 1702 Anides
427 1653 513 1700 moenia
523 1659 599 1699 vestra
613 1652 761 1706 condidimus,

87 1725 115 1766 nt
131 1724 209 1765 essent
224 1718 262 1778 qul
277 1724 354 1765 nostra
365 1717 480 1765 delerent?
494 1721 496 1725 '
514 1717 575 1773 Quid
586 1718 605 1765 si
618 1718 723 1765 nonhaec
738 1723 763 1765 et

87 1782 164 1831 Dario
178 1782 249 1844 prius,
269 1790 293 1830 et
308 1796 369 1830 nunc
388 1782 470 1838 Xerxi,
491 1784 544 1831 belli
563 1798 631 1831 causa
643 1784 762 1830 nobiscum

10 1899 15 1910 q
86 1847 154 1902 foret,
169 1847 231 1908 quod
241 1863 283 1895 vos
294 1848 426 1896 rebellantes
442 1864 489 1896 non
506 1847 664 1897 destituimus?
698 1847 762 1902 Qnin

87 1928 132 1961 vos
142 1914 167 1960 in
177 1914 228 1960 haec
244 1921 322 1962 nostru
332 1919 405 1961 castra
419 1928 449 1961 ex
463 1913 508 1961 isti
518 1915 633 1962 obsidione
643 1911 763 1960 transitis?

88 1978 140 2027 Aut
148 1978 167 2025 si
178 1978 222 2025 hoc
229 1992 307 2040 parum
319 1987 393 2027 tutum
400 1987 443 2034 est,
454 1986 478 2027 ut
485 1995 534 2035 vos,
543 1980 663 2026 commisso
674 1977 763 2040 proelio,

88 2044 122 2091 ite
141 2044 237 2100 cessim
259 2044 358 2092 inhibete
376 2046 451 2099 remis,
471 2052 527 2093 eta
547 2045 606 2092 hello
629 2040 761 2089 discedite.”

88 2109 155 2156 Ante
174 2108 260 2156 navalis
271 2109 345 2172 proelii
362 2110 547 2171 congressionem
563 2110 656 2156 miserat
671 2107 762 2154 Xerxes

88 2180 189 2234 quatuor
210 2173 280 2221 millia
302 2182 439 2222 armatorum
462 2174 575 2237 Delphos,
597 2174 625 2221 sd
652 2172 762 2236 templum

88 2238 205 2302 Apollinis
231 2237 378 2301 diripiendum
384 2257 393 2299 3
421 2256 520 2303 prorsus,
549 2240 612 2300 quasi
634 2253 680 2284 non
709 2252 763 2284 cum

90 2304 183 2352 Graecis
193 2311 288 2358 tuntum,
302 2305 341 2352 sed
355 2312 378 2352 et
395 2321 447 2353 cum
459 2304 513 2352 Diis
529 2304 698 2356 immortalibus,
713 2302 762 2350 bel·

87 2369 138 2416 lurn
149 2375 256 2432 gereret:
274 2385 326 2431 quse
336 2386 417 2418 manus
427 2377 476 2417 tota
486 2371 593 2417 imbribus
601 2377 625 2417 et
631 2368 763 2415 fulminibus

89 2434 166 2482 deletu
179 2441 222 2489 est,
239 2441 265 2482 ut
275 2436 418 2498 intelligeret,
438 2450 506 2498 quarn
518 2435 587 2483 nullae
601 2442 677 2481 essent
688 2433 762 2480 homi·

89 2514 146 2546 num
157 2498 266 2547 adversus
283 2498 349 2548 Deos
364 2502 431 2548 vires.
465 2499 523 2548 Post
541 2502 591 2548 haec
606 2499 724 2559 Thespias,
739 2503 764 2544 et

88 2562 197 2617 Plataeas,
217 2572 241 2613 et
262 2563 371 2620 Athenas,
391 2581 474 2613 vacuas
492 2566 626 2617 hominibus,
646 2562 763 2616 incendit;

88 2637 121 2688 et,
134 2629 241 2693 quoniam
252 2628 312 2679 ferro
322 2632 346 2679 in
357 2631 460 2679 homines
470 2647 516 2679 non
527 2637 622 2694 poterat,
633 2630 657 2675 in
669 2625 764 2673 aedificia
