1800 2942
23 174 24 267 q
89 150 209 233 casim.
234 176 238 185 ⁴
316 179 517 232 JUGURTHA.
542 143 547 147 ⁸
704 186 750 234 ns

23 334 24 375 3
84 312 165 369 deinde
181 315 217 361 ubi
228 313 270 360 lux
284 313 425 369 mvenmbat,
445 311 539 360 defessis
545 312 594 374 jam
605 312 712 368 hostibus,
723 321 748 362 et

23 390 24 393 ¹
83 378 144 439 paulo
162 387 214 426 ante
230 393 311 425 somno
322 379 400 440 captis,
420 378 448 425 de
459 378 581 439 improviso
592 376 679 439 vigiles,
690 379 746 426 item

84 444 209 497 cohortium,
230 451 362 496 turmarum,
389 443 507 504 legionum
534 443 650 497 tubicines,
679 442 746 505 airnal

23 548 24 553 ,
84 510 151 555 omnia
169 510 236 571 signa
252 522 341 563 canae,
359 508 442 554 milites
454 507 574 554 clamorem
580 507 667 564 tollere,
678 515 746 569 atque

84 574 148 633 portis
168 588 293 634 erumpere.
324 571 403 619 Mauri
425 579 491 633 atque
510 571 603 626 Gaetuli,
623 574 703 634 ignoto
720 579 744 620 et

84 636 173 683 horribili
190 639 267 684 sonitu
285 644 377 698 repente
393 637 469 691 exciti,
487 651 559 697 neque
571 635 658 698 lugere,
670 653 745 698 neque

84 715 139 749 arma
156 718 243 764 capere.
266 718 339 763 noque
360 702 453 747 omnino
473 700 548 748 facere
566 709 605 748 aut
625 702 744 764 providere

83 768 195 828 quidquam
212 774 328 829 poterant:
353 767 385 813 ita
402 772 496 812 cunctos
515 767 618 827 strepitu,
637 768 743 823 clamore,

23 846 24 849 ¹
83 832 138 878 arsllo
155 833 315 886 subveniente,
324 831 408 878 nostris
426 830 568 888 instantibus,
579 831 684 887 tumultu,
695 840 742 879 ter-

83 910 132 950 rore,
149 896 253 950 lonnido,
279 897 342 956 quusi
363 896 474 950 vecordia,
496 903 593 957 ceperat.
635 895 743 958 Denique

83 975 153 1009 carues
162 961 206 1009 lusi
223 960 339 1022 fugatique
349 978 355 1007 ι
375 975 436 1006 arma
446 967 470 1006 et
480 961 545 1020 signa
556 961 659 1007 militaria
668 961 742 1023 plera·

83 1040 120 1085 qne
127 1034 203 1089 capta:
221 1026 340 1088 pluresque
350 1025 471 1086 eoproelio‚
482 1039 549 1084 quam
560 1025 664 1072 omnibus
675 1040 742 1088 supe·

83 1092 176 1150 rionbus,
187 1091 314 1138 interemti:
333 1105 385 1136 nam
397 1104 477 1137 somno
492 1096 515 1137 et
523 1098 586 1138 metu
595 1090 686 1138 insolito
696 1090 740 1138 im·

23 1176 24 1203 r
119 1156 169 1204 'tas
199 1172 221 1204 a·

83 1156 215 1269 pqnugin
226 1220 323 1277 Marius,
339 1222 372 1268 uti
394 1227 501 1283 coeperat,
518 1222 541 1268 in
557 1221 665 1279 bibema3
682 1235 741 1283 qum,

23 1316 24 1325 κ
85 1294 164 1348 propter
182 1294 338 1340 commeatum,
350 1288 374 1332 in
385 1287 472 1349 oppidis
487 1286 611 1332 maritumis
622 1300 690 1347 agere
700 1288 741 1334 de·
767 1342 771 1347 ἱ

23 1366 24 1369 ¹
84 1359 188 1399 moverat:
209 1367 281 1412 neque
292 1358 367 1398 tamen
378 1367 461 1405 secors,
474 1348 574 1406 victorii,
592 1357 630 1397 aut
641 1351 740 1400 insolens

23 1428 24 1467 i
82 1412 161 1473 factm
177 1417 218 1463 sed
234 1417 359 1478 pariterue
378 1417 401 1463 in
418 1422 541 1478 conspectu
560 1415 665 1469 bostium,
684 1432 740 1478 qua·

23 1482 24 1487 ’
82 1478 137 1527 drato
154 1482 244 1544 agurium
265 1481 375 1528 incedere.
411 1480 474 1527 Sulla
493 1495 545 1527 oum
564 1479 664 1540 equitatu
681 1481 741 1542 apud

83 1544 198 1601 deatumos,
213 1548 238 1593 in
256 1544 345 1593 sinistri
361 1546 393 1593 A.
399 1545 502 1593 Manlius
520 1560 572 1591 cum
589 1544 739 1593 funditoribus

82 1618 102 1655 ct
116 1612 242 1673 sagittariis,
257 1619 367 1672 practerea
386 1612 486 1657 cohortis
502 1610 615 1672 Ligurum
632 1609 737 1658 curabatt

81 1676 156 1735 primos
170 1683 195 1722 et
210 1682 331 1730 extremos,
349 1690 401 1722 curn
421 1676 531 1736 expeditis
550 1675 676 1737 manipulis.
690 1675 739 1723 tri·

79 1739 273 1788 bunoslocnverat.
305 1739 419 1801 Perfugae,
435 1741 536 1787 minume
554 1741 606 1796 cari,
623 1747 646 1787 et
662 1741 739 1803 regio·
809 1780 811 1787 .

24 1818 25 1863 j
80 1819 127 1852 num
146 1805 302 1859 scientissimi,
320 1805 418 1852 hostiurn
436 1806 479 1852 iter
495 1805 652 1867 explorabant:
672 1806 740 1852 simul

24 1902 25 1935 ;
79 1871 157 1925 consul,
168 1872 233 1932 quasi
242 1870 304 1917 nullo
320 1870 432 1931 imposito,
443 1871 520 1917 omnia
529 1870 662 1931 providere;
679 1871 739 1979 alpad

24 1964 25 1967 =
79 1936 145 1983 omnia
165 1936 259 1993 adesae3
284 1934 379 1989 laudare,
401 1936 516 1997 increpare
531 1935 645 1981 merentis.
699 1949 740 1996 pse

24 2050 25 2065 χ
78 2008 169 2048 armatus
185 2001 339 2059 intentusque,
356 2001 411 2047 item
429 2000 513 2047 milites
531 2000 642 2062 cogebat3
666 2013 739 2059 neque

78 2078 143 2120 tecua.
154 2073 222 2127 atque
232 2066 275 2112 iter
285 2063 365 2119 lacere,
384 2072 458 2112 castra
468 2065 564 2121 munire,
575 2063 704 2110 excubitum
714 2063 739 2109 in

24 2142 25 2147 ’
78 2139 147 2191 portas
167 2130 267 2177 cohortis
289 2144 318 2176 ex
336 2128 469 2191 legionibus,
489 2145 530 2190 pro
552 2128 631 2175 castris
652 2128 740 2188 equites

24 2210 25 2215 ¹
77 2196 199 2242 sumliarios
215 2195 319 2241 mittere:
338 2202 446 2255 praeterea
465 2195 521 2241 alios
537 2208 604 2254 super
619 2191 702 2239 vallam
714 2193 739 2240 in

77 2260 218 2308 munimentis
228 2260 320 2317 locare;
337 2259 426 2320 vigilias
436 2260 485 2319 ipse
500 2257 624 2312 circumire,
636 2272 682 2303 non
693 2257 738 2305 dif-

24 2368 25 2381 ,
77 2323 163 2372 fflentii
180 2325 259 2384 futuri,
276 2339 327 2385 quae
337 2325 499 2385 imperavisset,
509 2337 577 2383 qnam
588 2322 620 2368 uti
632 2322 739 2372 militibus

24 2392 25 2445 ζ
77 2398 203 2452 exequutus
221 2404 273 2436 curn
292 2389 426 2450 imperatore
446 2388 509 2434 labos
527 2388 655 2434 volentibus
674 2394 742 2434 esset.

78 2451 106 2501 Et
115 2470 168 2503 sane
177 2454 275 2508 Marius,
288 2453 327 2500 illo
338 2464 361 2500 et
375 2454 424 2500 aliis
438 2452 575 2514 temporibus
583 2451 644 2505 belli,
655 2452 741 2513 pudore
836 2491 838 2495 .

77 2521 144 2583 magia
162 2536 232 2583 quam
249 2519 309 2566 malo
320 2519 444 2565 exercitum
456 2518 585 2565 oo'crcebat:
605 2516 665 2577 quod
675 2515 740 2561 multi

77 2600 112 2645 per
126 2587 271 2634 ambitionem
288 2583 336 2632 fieri
353 2584 457 2639 aiebant;
474 2598 532 2644 pars,
550 2581 611 2641 quod
624 2575 742 2639 spueritii

77 2659 201 2700 cumaeum
212 2650 325 2703 duritiam,
344 2656 367 2695 et
384 2647 429 2695 alia
437 2663 490 2708 quae
500 2646 576 2693 caeteri
587 2643 688 2690 miserias
699 2656 741 2686 vo·

76 2727 127 2774 cast,
147 2717 259 2781 voluptati
278 2714 399 2763 habuisset.
436 2712 488 2761 Nisi
507 2719 583 2821 {algen
602 2704 742 2769 respublica
