1800 2942
250 113 387 172 suarum
403 116 513 166 IumXI.
530 117 589 168 Car.
599 121 637 168 14.
728 121 790 170 Μ’

106 249 184 297 aciem
191 255 254 312 paret
261 263 331 327 ,crunno
338 249 470 313 polliceatur
479 249 521 297 sibi
532 248 605 305 sliam,
616 263 683 309 quam
698 249 728 297 sit
735 263 777 297 ex·

106 320 332 427 paffisiprcpoffi
347 380 386 427 uie
405 380 476 427 aciem
492 370 626 440 producunt.
661 377 721 424 Tum
742 394 778 425 re·

106 449 184 505 pentec
203 450 255 490 ante
268 445 380 506 proelium,
400 444 529 491 confectum
548 445 607 490 curis
624 444 778 490 Alexandrum

107 521 204 555 somnus
214 510 313 570 arripuit·
338 507 397 557 Cum
409 510 438 556 ad
449 523 548 570 pugnam
559 509 621 556 solus
631 524 672 555 rex
682 509 777 563 deesset.

106 587 122 619 a
142 571 293 620 Parmenione
312 589 374 635 aegre
393 575 513 627 excitatus,
530 575 681 633 quaerentibus
704 574 777 620 somni
850 631 855 640 ¹

106 652 188 683 causus
207 639 310 684 omuibus
325 640 384 685 inter
402 638 507 701 pericula,
525 640 590 700 cujus
607 639 673 685 etiam
689 640 713 683 in
731 639 778 684 otiu

107 715 198 764 semper
206 703 294 763 parcior
303 703 381 750 fuerit:
400 718 486 765 magno
497 709 521 749 ιε’
532 712 590 749 aestn
598 703 723 758 liberatum,
740 703 779 757 ait,

106 781 259 827 somnumque
269 768 310 813 sibi
321 783 336 814 a
346 766 463 829 repentini
478 768 597 815 securitate
615 768 699 823 datum,
717 768 778 828 quod

104 831 174 878 liceat
184 846 236 878 cum
253 833 356 879 omnibus
367 832 433 879 Darii
443 834 514 894 copiis
524 832 664 894 confligere3
681 834 778 880 veritum

104 896 235 958 seiungam
245 897 297 943 belli
308 912 400 953 moram,
418 899 437 945 si
449 897 527 944 Persae
545 899 668 945 exercitum
688 898 777 944 divisis·

106 967 166 1010 sent
177 961 250 1008 *Ante
258 962 362 1024 proelium
370 971 464 1023 unaque
475 964 534 1009 acies
542 964 643 1009 hostibus
651 965 779 1025 spectaculo

103 1023 156 1073 fair.
189 1026 329 1074 Macedones
338 1027 503 1076 multitudinem
520 1028 643 1082 bominum,
659 1042 778 1090 corporum

105 1091 293 1153 magnitudinem,
321 1108 479 1153 armorumque
500 1092 688 1153 pulchritudinem
710 1094 778 1139 mira-

105 1156 202 1202 bantur:
223 1156 300 1204 Peraae
311 1172 324 1202 a
335 1164 380 1203 tam
392 1158 469 1219 paucis
480 1158 540 1202 victa
550 1172 641 1202 suorum
658 1164 694 1203 tot
709 1158 780 1204 millia

105 1221 233 1282 stupebant.
265 1222 311 1269 Seri
322 1237 365 1268 nec
376 1222 444 1268 duces
455 1221 573 1267 circumire
589 1235 642 1266 suos
653 1222 777 1268 cessabant.

105 1284 194 1332 Durius
209 1286 249 1331 vix
267 1287 331 1333 denia
347 1289 438 1333 armatis
454 1286 555 1347 singulos
572 1285 655 1339 hostes,
668 1286 687 1331 si
698 1286 778 1333 divisio

105 1349 179 1404 fieret,
191 1351 281 1397 euenire
292 1352 385 1398 dicebat.
407 1351 538 1397 Alexander
548 1350 688 1396 Macedonas
698 1366 778 1397 mone·

83 1447 88 1460 ,
104 1415 151 1471 bot,
168 1430 198 1462 ne
216 1416 359 1463 multitudine
375 1416 481 1468 hostium,
500 1430 542 1461 nec
553 1416 653 1477 corporis
664 1416 779 1476 magnitu-

105 1479 166 1534 dine,
178 1480 215 1527 sel
226 1481 308 1527 coloris
324 1481 425 1527 novitate
443 1487 602 1527 moverentur:
623 1487 710 1526 tantum
727 1495 777 1526 me·

102 1545 198 1591 minisse
203 1545 275 1607 jubet,
288 1560 340 1591 cum
346 1546 425 1591 iisdem
435 1561 460 1591 se
468 1546 535 1591 tertio
543 1560 655 1606 pugnare3
675 1560 717 1591 nec
727 1559 777 1590 me·

103 1609 173 1656 liores
183 1607 255 1655 factos
265 1617 370 1670 putarent
380 1607 443 1671 sugb,
462 1625 512 1656 cum
524 1609 548 1654 in
559 1610 630 1656 aciem
643 1625 719 1656 secum
730 1616 777 1655 tarn

103 1674 194 1721 tristem
214 1675 345 1721 memoriam
362 1675 458 1726 caedium
476 1689 574 1728 suarum,
591 1684 614 1720 et
625 1683 712 1721 tantum
724 1689 778 1721 aan-

101 1738 181 1801 guinis
191 1737 278 1785 duobus
287 1739 373 1800 proeliis
380 1739 432 1794 iusi,
442 1738 539 1786 ferrent:
559 1748 582 1786 et
588 1741 776 1799 quemadmodum

101 1802 179 1851 Dario
196 1804 304 1865 majorem
319 1805 405 1851 turbam
424 1804 541 1850 hominum
557 1820 616 1862 esse,
634 1807 666 1852 sic
676 1807 777 1852 vimrum

100 1869 152 1916 sibi
186 1866 305 1924 Hortatur,
317 1876 424 1930 spernant
433 1869 495 1916 illam
504 1870 574 1916 aciem
583 1885 638 1917 auro
649 1877 673 1917 et
681 1879 776 1932 argento

99 1933 236 1995 fugentem
251 1935 275 1979 in
294 1932 342 1995 qut
355 1934 406 1996 plus
425 1935 515 1996 praedae,
533 1949 600 1995 quarn
620 1936 711 1997 periculi
731 1935 776 1992 site

101 2013 155 2045 cum
167 1999 262 2045 victoria
272 2014 318 2045 non
330 2013 443 2046 armorum
462 1999 550 2054 decore,
566 2000 606 2046 sed
621 1999 674 2046 semi
684 2000 777 2054 virtute,

100 2070 225 2125 quaeratur.

136 2126 209 2176 XIV.
226 2127 283 2174 Post
294 2129 465 2190 baecproeiium
477 2129 632 2176 committitur.
665 2128 775 2175 Macedo·

100 2194 180 2241 nesio
190 2192 282 2246 ferrum.
300 2209 352 2239 cnm
363 2202 479 2240 contemtu
491 2195 557 2240 toties
568 2208 581 2239 a
592 2208 617 2238 se
628 2193 681 2239 victi
697 2194 776 2248 hostis,

101 2259 214 2305 ruebant:
234 2266 312 2305 contra
327 2257 405 2305 Peraae
415 2259 481 2313 mori,
494 2274 561 2318 qnam
578 2258 645 2311 vinci,
663 2267 775 2320 praeopta·

101 2325 165 2371 tunt.
197 2322 262 2370 Raro
273 2324 296 2368 in
308 2323 355 2369 ullo
365 2324 446 2384 proelio
464 2331 552 2369 tantum
565 2325 681 2385 sanguinis
699 2323 775 2371 susum

101 2394 147 2436 est.
179 2386 267 2435 Darius
277 2403 328 2438 uum
341 2388 401 2434 vinei
415 2402 469 2434 suos
485 2388 579 2444 videret,
596 2389 653 2434 mori
669 2388 741 2434 voluit
751 2397 777 2435 et

100 2453 170 2528 ipse;
187 2452 227 2527 sed
238 2468 251 2500 a
262 2453 370 2528 proximis
379 2452 460 2514 fugere
468 2452 597 2514 compulsus
603 2462 649 2529 est.
673 2454 775 2529 §uaden-

100 2515 777 2643 &mittini‘’itiitiitttrt

100 2659 129 2697 tt
139 2645 264 2698 saluum
274 2646 334 2695 velle
344 2646 473 2696 consultum
483 2647 522 2704 ait,
529 2683 531 2686 -
539 2655 564 2694 ut
574 2654 610 2693 tot
620 2646 690 2693 millia
700 2644 775 2693 socio·
