1800 2942
161 139 208 185 m
390 130 594 184 JUGURTHA.
717 128 780 181 Cn·
792 135 836 181 99.

159 266 288 329 pugnsutis,
299 264 327 314 'sb
337 273 403 328 tergo
414 263 593 311 circumveniret
611 275 686 322 neque
696 261 778 318 virtus,
789 274 838 309 uc·

160 346 204 393 que
211 346 273 378 arma
283 331 338 379 satis
348 336 440 393 tegere3
458 329 519 390 quod
526 328 603 374 hostes
613 341 709 373 numero
723 326 801 387 plures
811 335 837 374 et

160 397 260 457 undique
270 395 410 443 circumfusi:
430 395 526 455 (lenique
542 391 642 439 Romani
654 398 753 446 veteres
765 393 835 438 novi-

160 474 213 524 que,
233 469 257 508 et
272 462 301 509 ob
311 476 339 509 eu
349 461 445 508 scientes
455 459 515 514 balli,
533 458 553 504 si
567 472 625 518 quos
642 457 706 504 locus
717 463 837 504 anteusus

161 528 314 589 conjunxerat
345 526 405 573 orbis
427 524 517 572 fatere:
543 530 611 583 atque
629 521 661 568 ita
678 521 707 568 ab
728 522 837 569 omuibus

159 592 259 654 pertibus
277 591 343 638 simul
355 591 409 638 tecti
421 597 444 638 et
454 589 558 636 instructi
574 587 673 634 hostium
683 586 731 633 rim
742 593 837 634 susten-

161 657 245 704 tabunt.

193 719 315 770 xcvm.
332 719 415 781 Neque
425 720 448 766 in
460 734 488 766 eo
496 725 542 766 um
551 731 630 781 aspero
638 715 733 778 negotio
741 716 837 766 territus

161 786 258 842 Marius,
270 793 308 833 aut
319 787 400 848 mugis,
413 796 481 846 quum
497 791 570 838 sutus,
578 781 677 830 demisso
687 776 765 828 inimo
775 781 835 841 fnit3

161 852 202 901 sed
212 866 263 899 cum
274 849 349 898 turini
359 848 406 905 suia,
417 864 485 910 quam
496 863 527 896 ex
535 847 671 895 fortissumis
680 847 755 908 magis
765 860 837 909 qum

160 916 347 964 familiarissumis
363 921 487 977 paraverat,
505 914 583 976 vagari
600 912 701 974 passim
717 925 746 958 ac
764 913 839 961 mario

160 981 311 1031 laborantibus
343 982 391 1026 suis
422 994 560 1033 succurrere,
588 977 657 1024 modo
684 977 765 1031 hostis,
798 979 838 1025 ubi

162 1044 328 1093 confertissumi
344 1044 485 1100 obstiterunt,
496 1043 614 1091 invaderes
633 1056 702 1088 manu
712 1042 838 1090 cumulem

161 1110 274 1164 militibus,
291 1109 398 1169 quoniam
417 1110 536 1171 imperare,
555 1107 693 1155 conturbatis
719 1108 838 1163 omnibus,

161 1188 207 1222 non
218 1182 314 1237 poterat.
346 1172 444 1236 Jamque
455 1175 503 1222 dies
514 1180 646 1221 consumtus
657 1178 713 1224 erat,
728 1186 785 1220 eum
801 1180 839 1221 ta-

160 1254 213 1287 men
227 1239 313 1286 barbari
327 1240 382 1286 nihil
392 1240 507 1286 remittere
513 1256 521 1297 ;
538 1245 613 1300 atque,
624 1237 658 1284 uti
668 1250 736 1299 reges
746 1250 838 1298 praeee·

159 1313 245 1369 perant,
267 1311 357 1352 noctem
376 1320 418 1368 pro
436 1320 462 1352 se
480 1305 530 1359 rati,
551 1304 626 1350 scrius
646 1303 739 1349 inaure.
771 1300 838 1350 Tum
892 1358 893 1361 Ἴ

160 1370 251 1417 Marius
265 1385 294 1417 ex
310 1368 374 1432 cepit
384 1385 459 1418 terrun
472 1368 590 1416 consilium
612 1367 687 1422 trahit,
704 1371 781 1428 atque,
803 1368 839 1416 uti

161 1437 208 1483 suis
219 1436 316 1498 receptui
327 1435 391 1482 locus
399 1441 467 1490 esset,
478 1434 543 1481 collis
559 1434 615 1480 duos
625 1431 764 1495 propinquus
774 1433 840 1481 intea

161 1516 186 1549 se
203 1508 312 1564 occupat:
331 1516 428 1561 quorum
446 1501 471 1547 iu
491 1515 545 1558 uno,
565 1499 644 1546 castris
658 1511 739 1560 parum
750 1498 839 1560 amplo,

159 1566 213 1614 sons
226 1582 291 1629 uquae
301 1580 399 1627 magnus
410 1571 476 1623 erut3
493 1565 550 1612 alter
560 1565 611 1612 usui
621 1569 768 1625 opportunus,
780 1564 840 1624 quis

160 1630 244 1694 magni
262 1640 326 1693 pane
342 1632 415 1678 editus
433 1638 459 1677 et
477 1645 578 1692 praeceps
599 1643 671 1691 panca
689 1627 840 1676 munimento

160 1697 281 1758 quaerebat·
314 1694 429 1744 Caeterum
440 1696 499 1758 apud
510 1709 590 1757 aquam
607 1692 692 1741 Sullam
703 1706 755 1738 cum
767 1694 838 1753 equi«

160 1762 220 1807 tibus
235 1767 325 1807 noctem
336 1761 423 1822 agitare
434 1762 516 1824 jubet:
534 1761 583 1822 ipse
594 1757 702 1820 puulatim
718 1756 841 1819 dispersos

159 1826 249 1878 milites,
265 1838 338 1886 neque
354 1826 430 1871 minus
444 1826 548 1872 uolutus
563 1823 712 1878 conturbatis,
724 1821 748 1867 iu
759 1836 836 1870 unum

160 1890 287 1946 contrahit;
305 1889 357 1936 dein
369 1897 465 1936 cunctos
476 1890 543 1952 plenu
554 1888 626 1951 gradu
641 1887 665 1933 iu
677 1886 759 1934 collem
776 1888 837 1934 snb-

161 1955 229 2002 ducit.
263 1951 300 2000 Ita
316 1969 388 2016 reges,
405 1954 450 2000 loci
461 1954 592 2002 difficultate
602 1952 681 2007 coacti,
697 1951 779 2013 proeiio
791 1951 837 1999 ote-⁴

159 2026 287 2067 terrentur:
307 2033 380 2080 noque
396 2027 473 2066 tamen
492 2034 546 2066 suos
562 2018 654 2080 longius
669 2017 730 2063 abire
745 2016 837 2074 sinant,

160 2086 206 2139 sed.
219 2094 314 2145 utroque
321 2085 379 2131 colle
389 2084 533 2131 multitudine
542 2082 686 2135 circumdato,
696 2079 762 2128 efflusi
774 2095 835 2128 eoa·

160 2147 245 2198 sedere.
269 2148 331 2196 Dein
342 2150 426 2197 crebris
435 2148 526 2211 ignibus
535 2147 607 2202 factis,
615 2147 746 2208 plerumque
756 2147 836 2194 noetis

158 2215 245 2262 barbari
257 2231 298 2261 suo
313 2214 465 2268 morcinctum,
477 2213 596 2268 exsultare,
609 2220 708 2273 strepere
719 2211 835 2258 vocibuss

159 2279 201 2342 ipsi
212 2280 286 2334 duces.
303 2279 391 2326 feroces
405 2280 458 2340 quie
473 2292 519 2324 non
531 2276 696 2339 ingerentum
707 2275 837 2323 victoribus

159 2358 234 2406 agere.
268 2344 313 2391 Sed
326 2359 353 2392 ea
367 2352 449 2390 cuncta
462 2341 573 2389 Romanis
589 2355 619 2388 ex
628 2340 727 2388 tenebris
741 2351 765 2386 et
781 2340 835 2387 edlu

158 2409 251 2456 tlorlbus
275 2408 331 2455 locis
356 2408 431 2455 facilia
453 2408 512 2465 visu,
535 2420 664 2469 magnoque
687 2405 835 2453 hortamento

159 2480 231 2521 erant
760 2478 766 2487 '

168 2566 171 2577 -
191 2535 287 2586 XCIX.
305 2536 430 2584 Plurimum
441 2551 496 2583 vero
508 2535 598 2583 Marius
607 2531 719 2596 imperitii
729 2533 835 2593 hpstiuns

158 2601 311 2656 confirmatus,
321 2616 388 2663 quam
398 2615 529 2648 maxumum
536 2600 653 2648 silentium
663 2599 739 2646 haberi
745 2598 829 2659 jubete

157 2668 267 2732 nesigno
283 2667 382 2730 quidem,
401 2668 434 2714 uti
444 2681 485 2729 per
494 2666 585 2728 vigilius
604 2664 713 2720 solebant,
728 2677 829 2711 caumes
