1800 2942
172 203 311 257 JUSTINI
326 206 529 257 Ina-XXXVII.
547 209 641 262 Cunt-
695 217 744 264 875.

73 334 156 391 aetatis,
171 351 251 385 omnes
265 315 337 400 reges·
347 338 466 402 majestate
480 342 624 402 superaverit,
642 342 744 404 bellaque

74 415 127 470 eum
133 400 246 450 Romams
253 418 293 465 per
299 404 448 465 quadraginta
456 419 497 452 sex
503 421 575 452 annos
581 405 643 453 varii
650 406 744 454 victorii

73 467 187 528 gesserit3
205 482 257 514 cum
268 484 320 515 eum
337 470 419 516 summi
435 469 587 532 imperatores,
607 471 676 532 Syllo,
693 471 743 518 Lu·
841 495 842 501 1

73 530 156 587 collus,
173 534 300 594 caeterique,
319 534 344 580 in
361 531 449 581 summi
463 533 549 583 Cuneus
562 535 692 598 Pompeius,
711 538 743 584 ita

71 596 178 655 vicerint,
211 605 237 645 ut
264 599 335 661 major
361 600 486 661 clariorque
511 601 656 649 instaurando
682 602 742 648 bello

70 664 743 790 ffiggtgddfflfflsmfuffontegrilbtlllgsrffl&213oeth

70 789 170 903 Ιέιηωτίὸ
185 800 264 848 morte,
280 794 304 840 in
321 796 383 842 avito
398 811 478 860 regno,
494 811 570 854 senex,
588 797 678 845 haerede
688 794 742 853 filio,

90 857 180 909 ecessit

103 918 235 985 1L1Hujus
245 922 344 971 futuram
358 926 538 987 magnitudinem
554 927 623 975 etiam
639 926 741 974 ccelestiu

70 992 163 1036 ostenta
174 988 333 1050 praedixerant.
365 989 427 1037 Nam
444 999 468 1037 et
484 1008 512 1039 eo
531 1008 576 1053 quo
594 994 686 1055 genitus
705 998 741 1039 est

70 1066 140 1107 anno,
151 1058 176 1099 et
187 1069 215 1100 eo
230 1069 275 1116 quo
291 1069 388 1117 regnare
403 1056 500 1117 primurn
518 1058 597 1118 coepit,
617 1058 682 1105 stella
700 1072 739 1105 co-

68 1123 144 1164 metes
157 1132 199 1179 per
214 1127 334 1181 utrumque
349 1126 439 1180 tempus
455 1123 598 1183 septuaginta
614 1122 691 1168 diebus
708 1124 741 1169 ita

68 1182 137 1237 luxit,
153 1189 179 1229 ut
195 1184 278 1231 coelum
295 1199 363 1232 omne
378 1183 476 1247 flagrare
488 1186 609 1232 videretur.
642 1184 705 1232 Nam
715 1194 740 1233 et

70 1248 229 1309 magnitudine
240 1250 274 1297 sui
285 1257 388 1309 quartam
404 1258 491 1312 portem
508 1250 560 1297 coeli
576 1257 740 1311 occupaverot;

68 1320 101 1368 et,
113 1312 202 1375 fulgore
213 1315 255 1368 sui,
268 1314 429 1362 solisnitorem
442 1316 543 1372 vicerat3
560 1323 590 1369 et,
602 1329 654 1361 cum
668 1316 739 1362 orire-

68 1385 110 1425 tur
125 1379 319 1440 occumberetque,
335 1387 432 1440 quatuor
450 1381 547 1442 spatium
563 1382 668 1427 horarum
684 1394 742 1427 con·

69 1443 181 1491 smnebat.
207 1442 269 1491 Puer
277 1451 377 1492 tutorum
388 1445 480 1492 insidias
490 1461 569 1507 possus
579 1453 621 1499 est,
633 1444 670 1505 qui
678 1460 742 1501 eum,

66 1507 120 1556 fero
130 1523 189 1569 equo
199 1508 339 1570 impositum,
350 1511 450 1571 equitare
456 1511 595 1573 Jecularique
609 1511 736 1572 cogebant:

66 1572 109 1635 qui
125 1580 221 1620 conatus
233 1588 285 1620 cum
302 1589 341 1621 eoa
357 1574 495 1632 fefellissent,
512 1591 580 1637 supra
593 1583 682 1622 aetatem
700 1590 737 1622 re·

66 1644 141 1701 gente
162 1653 245 1699 equum
264 1638 404 1694 Mithridate,
425 1656 514 1687 veneno
532 1656 584 1687 eum
601 1636 737 1703 appetivere.

69 1702 142 1757 Quod
153 1711 263 1758 metuens,
275 1704 376 1752 antidota
389 1706 472 1767 sepius
487 1706 548 1760 bibit,
569 1714 593 1753 et
608 1707 641 1752 ita
657 1720 683 1751 se
699 1705 739 1752 ad·

68 1782 152 1817 versus
162 1768 255 1816 insidias
264 1770 445 1830 exquisitionibus
456 1771 559 1818 remediis
570 1772 690 1833 stagnavit,
703 1779 736 1826 ut,

66 1845 101 1882 ne
119 1832 200 1881 volens
222 1833 320 1894 quidem,
346 1850 423 1890 senex,
445 1850 535 1882 veneno
556 1837 614 1884 mori
632 1836 739 1898 potuerit.

66 1897 167 1950 Tumens
177 1898 265 1954 deinde,
277 1914 307 1946 ne
317 1899 408 1957 inimici,
420 1902 481 1962 quod
492 1916 583 1948 veneno
595 1916 642 1948 non
656 1909 738 1962 potue·

66 1970 129 2019 rent,
145 1962 205 2011 ferro
221 1975 363 2027 peragerent,
379 1966 477 2013 venandi
493 1967 592 2013 studium
609 1965 681 2021 linxit,
692 1980 739 2027 quo

64 2044 110 2094 per
121 2034 208 2090 septem
218 2043 291 2077 ennos
301 2045 374 2092 neque
384 2031 445 2078 urbis
457 2047 530 2092 neque
544 2032 601 2078 ruris
612 2037 673 2077 tecto
684 2045 739 2077 usus

64 2100 119 2146 est:
140 2093 180 2140 sed
195 2108 236 2156 per
252 2094 320 2143 silvas
338 2104 442 2160 vagatus,
463 2097 556 2143 diversis
574 2094 685 2142 montium
702 2110 738 2141 re-

65 2159 175 2224 gionibus
185 2160 336 2221 pernoctabat,
354 2162 439 2223 ignaris
454 2162 564 2216 omnibus,
582 2161 662 2221 quibus
678 2167 740 2206 esset

65 2225 142 2281 locia3
159 2231 262 2272 assuetus
279 2224 339 2273 feras
351 2225 419 2274 cursu
435 2233 475 2273 sut
484 2225 565 2287 fugere
575 2232 615 2272 aut
628 2226 739 2286 persequi,

66 2304 123 2337 cum
134 2289 265 2349 quibusdam
275 2290 343 2338 etiam
353 2292 438 2339 viribus
454 2291 570 2353 congredi.
602 2289 691 2344 Quibus
701 2306 737 2336 re·

65 2356 113 2403 bus
123 2361 148 2401 et
157 2354 248 2401 insidior
259 2355 346 2412 vitavit,
362 2364 386 2404 et
401 2371 484 2418 corpus
501 2355 529 2401 ad
544 2370 636 2404 omnem
647 2356 739 2402 virtutis

66 2419 203 2485 patientiam
213 2420 309 2468 duravit

100 2481 153 2530 ΙΙΙ.
166 2483 206 2530 Ad
221 2484 286 2548 regui
303 2484 384 2532 deinde
400 2484 616 2532 administrationem
633 2499 685 2531 cum
697 2499 736 2531 oc·

65 2548 182 2604 cessim,
197 2552 280 2605 atatim,
297 2564 343 2597 non
355 2549 502 2612 detegendo,
522 2550 561 2596 sed
578 2549 607 2596 de
624 2549 738 2611 augendo,

65 2622 145 2676 regno
155 2611 271 2676 cogitarit]
304 2613 385 2675 Itoque
392 2613 497 2675 Soytbas,
507 2615 604 2662 invictos
615 2621 688 2664 antea.
699 2612 738 2672 qui

66 2678 208 2744 Zopyriona,
226 2678 351 2728 Alexandri
367 2677 451 2742 Magni
469 2680 556 2739 ducem,
574 2694 626 2727 cum
644 2677 739 2742 triginta
