1800 2942
240 120 377 177 sustam
393 126 448 176 Liar
458 128 515 177 XV.
532 128 623 179 Cam.
718 135 763 180 271

99 257 174 322 quoad
185 257 315 305 Alexandro
320 259 397 318 justus
407 259 480 307 haeres
488 258 539 305 fnit.
570 259 615 307 Sed
626 259 766 308 Ptolemaeus

101 333 126 371 et
135 321 268 379 Cassander,
279 323 399 383 caeterique
404 323 508 370 factionis
519 325 609 372 alterius
619 325 693 378 duces,
703 326 767 388 (cnm

100 388 163 449 carpi
180 403 206 435 se
221 388 322 450 singulos
333 389 361 434 ab
370 389 490 450 Antigono
501 389 608 446 riderent,
625 389 678 436 dum
689 391 764 452 μήνιε

99 460 150 500 tum
161 453 308 514 singulorum,
320 468 366 499 nou
377 468 496 501 commune
506 455 668 508 universorum,
680 454 763 502 bellum

99 518 193 572 meunt,
209 532 251 564 nec
266 517 372 564 smmum
383 516 442 564 ferre
453 519 582 566 alteralteri
599 520 684 574 volunt,
701 519 764 579 quasi

97 583 195 630 victoria
211 583 284 635 unius,
302 597 347 629 non
361 583 469 637 omnium,
485 583 556 644 foret)
571 600 611 646 per
623 584 728 645 epistolas
740 599 765 631 se

97 647 197 695 invicem
208 646 372 702 confirmantes,
383 655 472 709 tempus
484 655 507 694 et
517 648 591 695 locum
603 650 696 696 coeundi
708 664 763 696 con·

98 712 186 768 dicunt,
207 712 335 771 bellumque
360 714 516 760 communibus
538 715 621 760 viribus
642 706 763 760 instruunt.

100 775 147 825 Cui
158 791 209 823 cum
221 774 349 824 Cassander
358 777 467 824 interesse
477 787 567 840 propter
580 778 699 825 finitimum
713 778 763 826 bel-

98 841 148 889 lum
160 856 205 888 non
215 854 300 903 posset,
319 840 480 902 Lysimachum
491 858 543 890 cum
554 845 682 906 ingentibus
692 844 763 906 copiis

97 907 123 953 in
134 907 241 953 auxilium
252 906 318 952 sociis
326 907 402 953 mittit.

131 969 181 1035 ΙΙΙ.
188 970 246 1018 Erat
256 970 292 1016 bic
298 969 448 1032 Lysimachus
459 972 539 1020 illustri
550 973 639 1034 quidem
650 973 761 1020 Macedo-

97 1035 198 1084 nitelocn
205 1037 419 1090 natuasedvirtntis
427 1039 585 1098 experimentis
591 1039 652 1085 omni
660 1039 762 1085 nobilita·

98 1109 124 1149 te
130 1100 222 1156 clarium
229 1115 280 1161 quae
287 1108 349 1147 tauta
358 1102 383 1147 in
390 1101 429 1147 illo
435 1100 485 1156 fuit,
495 1114 520 1148 ut
527 1104 595 1148 animi
601 1103 762 1165 magnitudine,

96 1162 238 1229 philosophici
252 1163 306 1226 ipsi,
326 1165 452 1226 viriumque
462 1165 536 1227 gloria
546 1180 632 1220 omnes,
654 1182 694 1228 per
704 1182 762 1227 quos

97 1230 182 1279 Oriens
193 1230 291 1277 domitus
305 1239 346 1283 est,
357 1230 446 1276 vicerit:
466 1231 548 1292 quippe
562 1245 613 1276 cum
633 1230 761 1278 Alexander

96 1295 202 1357 Magnus
208 1292 362 1343 Callisthenen
369 1295 536 1357 philosophum,
544 1303 634 1357 propter
645 1296 760 1343 salutatio·

96 1361 133 1407 nis
152 1358 251 1406 Persium
266 1360 430 1422 interpellatum
446 1375 540 1414 morem,
557 1359 692 1414 insidiarum,
710 1375 761 1421 quae

96 1425 140 1472 sibi
149 1432 233 1486 paratae
242 1423 336 1479 fuerant,
352 1426 468 1472 conscium
486 1426 556 1472 fuisse
565 1425 635 1471 iratus
645 1424 760 1481 finxissetr

96 1504 200 1550 eumque,
211 1491 318 1536 truncatis
325 1489 444 1536 crudeliter
454 1491 557 1538 omnibus
568 1490 679 1543 membris,
691 1490 761 1536 abaci·

96 1556 174 1614 sisque
183 1554 272 1600 auribus
278 1570 304 1600 ac
313 1570 367 1601 naso
378 1555 491 1617 labiisque,
504 1554 605 1601 deforme
614 1569 641 1600 ac
651 1554 761 1601 miseran·

97 1620 153 1667 dum
170 1619 320 1681 spectaculum
332 1620 477 1677 reddidissem
494 1620 584 1681 iamper
598 1634 650 1666 cum
666 1634 721 1666 cane
737 1620 760 1666 in

96 1682 168 1731 caveh
184 1684 291 1738 clausum,
305 1684 333 1731 ad
344 1692 429 1731 metum
441 1691 581 1738 caeterorum.
592 1683 758 1740 circumferretr

95 1754 153 1796 tunc
164 1747 321 1809 Lysimachus,
339 1749 415 1795 audire
431 1748 593 1804 Callisthenen,
609 1758 632 1797 et
647 1757 761 1813 praecepta

96 1815 125 1861 ab
141 1829 169 1860 eo
185 1813 274 1860 virtutis
290 1815 390 1875 accipere
412 1814 497 1869 solitus,
516 1815 621 1863 misertus
636 1816 692 1863 tanti
709 1816 759 1869 viri,
845 1831 849 1838 ·

96 1893 144 1925 ann
155 1877 234 1939 culpae,
250 1878 290 1925 sed
300 1879 407 1926 libertatis
417 1894 496 1941 poenas
506 1881 630 1941 pendentis,
646 1895 759 1926 venenum

94 1944 118 1990 ei
128 1944 153 1989 in
163 1942 261 1990 remedia
271 1944 428 1990 calamitatium
440 1945 507 1991 dedit.
541 1944 609 1998 Quod
625 1945 680 1991 adeo
697 1959 759 2004 aegre

95 2008 227 2056 Alexander
237 2007 294 2063 tulit,
306 2021 332 2055 ut
342 2024 393 2055 eum
405 2010 469 2072 objici
480 2007 619 2056 ferocissimo
629 2009 758 2069 leoniJube·

95 2079 139 2123 ret-
172 2072 224 2126 Sea
246 2087 298 2120 cum
316 2073 345 2120 ad
357 2082 502 2135 conspectum
519 2076 568 2136 ejus
585 2073 709 2120 concitatus
720 2073 758 2120 lec

94 2139 204 2200 impetum
214 2137 311 2192 fecisset,
317 2152 409 2185 manum
416 2138 513 2186 amiculo
520 2138 643 2184 involutam
652 2135 759 2198 Lysima-

93 2203 152 2250 chus
162 2202 186 2248 in
197 2217 223 2248 os
234 2201 305 2249 leonis
314 2204 431 2259 immersit,
442 2200 573 2265 arreptique
587 2199 671 2264 linguis,
688 2201 757 2250 feram

93 2267 239 2314 exanimavit.
271 2266 340 2322 Quod
350 2283 401 2315 eum
413 2270 540 2317 nuntiatum
551 2267 599 2328 regi
610 2275 676 2322 esset,
688 2268 758 2315 admi-

73 2386 79 2390 ,
93 2332 151 2378 ratio
162 2332 186 2377 in
196 2330 370 2379 satisfactionem
382 2334 464 2390 cessit;
476 2333 627 2393 carioremque
633 2347 683 2379 eum
692 2349 759 2395 prop-

94 2404 130 2444 ter
140 2397 288 2455 constantiam
305 2405 375 2445 tantae
390 2399 480 2444 virtutis
494 2394 576 2444 habuit.
607 2395 759 2459 Lysimachus

92 2475 184 2524 quoque
194 2476 277 2524 magno
285 2463 360 2510 animo
371 2464 437 2525 regis,
449 2462 520 2509 veluti
528 2463 636 2525 parentis,
642 2470 759 2511 contuere

92 2527 146 2578 liam
163 2526 222 2572 tulit
254 2525 362 2588 Denique
372 2529 434 2574 omni
444 2542 474 2574 ex
485 2528 560 2574 animo
570 2529 636 2591 hujus
645 2527 699 2573 facti
709 2541 758 2578 meo,

92 2588 166 2639 motii
175 2588 298 2646 exturbati,
308 2599 387 2653 postea
397 2592 420 2638 in
427 2589 494 2639 indiis
503 2593 621 2643 insectanti
632 2591 683 2652 regi
689 2604 756 2649 ques·

92 2657 145 2705 dam
155 2655 256 2719 palantes
266 2657 349 2715 hester,
361 2672 412 2705 cum
424 2672 438 2705 a
448 2657 569 2719 satellitum
579 2652 645 2704 turbt
656 2653 707 2715 equi
723 2654 758 2699 sui
