1800 2942
144 150 181 201 ‘16
377 147 581 200 JUGURTHA.
700 148 763 198 cis.
774 153 817 198 48.

145 279 221 334 dolus,
234 281 433 342 lautaqueperitia
443 280 544 328 locorum
561 287 584 327 et
599 279 685 327 militie
701 285 756 334 erat,
773 281 816 336 uti,

148 346 230 392 abiem
241 359 270 391 au
281 359 388 421 praesens,
405 360 483 407 panem
494 361 523 392 an
534 345 617 392 bellum
633 360 722 407 gerens,
739 345 816 407 perni-

144 410 229 458 siosior
240 417 306 464 esset,
316 410 340 455 in
351 411 437 458 incerto
447 411 572 457 haberetur.

182 472 290 522 XLVII.
306 473 363 522 Erat
374 475 433 521 baud
443 475 513 537 longe
523 477 551 522 ab
561 491 589 522 eo
598 475 685 529 itinere,
702 489 748 535 quo
759 468 818 521 Me·

145 541 217 589 tellus
233 540 346 601 pergebat,
363 540 469 601 oppidum
487 539 644 594 Numidarum,
661 539 753 586 nomine
764 537 815 586 Va·

150 620 188 667 ga,
206 604 279 651 forum
295 619 369 650 rerum
380 605 493 651 venalium
505 607 575 652 totius
585 605 649 666 regni
660 619 765 650 maxume
777 620 817 650 ce·

148 670 274 725 lebratum3
293 669 329 715 ubi
347 676 371 715 et
385 669 485 716 incolere
500 677 524 716 et
539 670 633 717 mercari
650 676 818 716 consueverant

148 732 224 782 Italici
239 735 329 796 generis
346 734 412 781 multi
425 734 538 781 mortales.
571 733 627 780 Huc
645 733 731 788 consui,
749 734 819 780 simui

149 801 252 846 tentandi
262 797 341 860 gratia,
358 800 377 845 si
387 806 489 864 paterent
499 800 676 861 opportunitates
686 798 739 856 loci,
755 815 817 861 prae-

149 865 231 913 sidium
242 864 364 926 imposuit;
380 872 489 926 praeterea
506 865 625 926 imperavit
634 864 781 919 frumentum,
794 872 820 912 et

149 930 200 982 alia,
220 943 272 991 quae
282 928 341 975 bello
352 930 401 976 usui
411 929 502 977 forent:
522 938 583 976 ratus
594 930 623 983 id,
641 929 701 990 quod
717 944 753 975 res
763 944 818 976 mo·

148 995 223 1048 nabat,
234 994 382 1054 frequentiam
394 995 560 1056 negotIatorum
571 1001 594 1041 et
605 1001 755 1040 commeatum
767 991 822 1056 [ju-

149 1065 255 1109 raturum
266 1057 400 1122 exercitum]
418 1060 486 1109 etiam
501 1060 585 1120 paratis
598 1059 664 1106 rebus
674 1059 821 1107 munimento

146 1122 206 1171 fore.
240 1121 304 1170 luter
315 1123 364 1170 baec
375 1125 473 1186 negotia,
489 1122 604 1186 iugurtha
614 1124 736 1186 impensius
746 1125 821 1172 modo

145 1189 239 1251 legatos
249 1188 360 1249 supplices
368 1189 463 1244 mittere,
474 1204 552 1251 paoem
563 1204 643 1247 orare3
658 1195 741 1250 praeter
752 1204 819 1236 suam

149 1254 317 1313 liberorumque
331 1253 408 1307 vitam,
423 1255 499 1301 omnia
515 1253 612 1302 Metello
628 1254 715 1300 dedere.
749 1253 822 1308 Quos

149 1318 214 1375 item,
231 1319 263 1365 uti
279 1319 371 1379 prinmo,
383 1319 465 1366 consul
473 1319 561 1366 illectos
571 1321 600 1366 ad
609 1319 758 1382 proditionem
776 1319 822 1366 do-

145 1397 215 1430 mum
226 1383 362 1438 dimittebat.
382 1384 431 1444 regi
441 1399 528 1445 pacem,
548 1399 614 1444 quarn
625 1384 757 1446 postulabat,
774 1399 820 1431 ne·

150 1462 196 1523 que
205 1448 303 1495 abnuere
313 1463 386 1509 neque
395 1448 511 1509 polliceri3
527 1456 550 1496 et
560 1451 619 1497 inter
630 1464 667 1523 ess
678 1464 753 1495 moras
763 1464 822 1510 pros

148 1513 220 1567 missa
230 1513 355 1575 legatorum
365 1521 502 1575 exspectare.

185 1576 309 1625 XLVIII.
323 1576 438 1639 iugurtha
454 1580 491 1625 ubi
508 1578 597 1626 Metelli
613 1581 672 1627 dieta
687 1595 739 1626 eum
749 1577 824 1630 iactis

148 1644 287 1718 composuit,
304 1658 330 1688 ae
348 1658 373 1689 se
390 1644 437 1690 suis
454 1645 538 1690 artibus
551 1647 633 1692 tentari
643 1645 820 1705 animadvortit;

150 1708 233 1769 quippe
244 1707 418 1768 euiverbispax
434 1709 584 1763 nuntiabatur,
602 1717 708 1756 caeterum
728 1725 752 1756 re
769 1710 823 1757 bel-

147 1770 198 1823 lum
209 1786 363 1847 asperrumum
373 1779 436 1830 erat,
454 1774 506 1819 urbs
522 1789 629 1821 maxuma
643 1775 745 1829 alienata,
762 1789 825 1837 ager

149 1837 254 1886 hostibus
268 1836 380 1897 cognitus,
397 1838 466 1884 animi
483 1839 622 1915 popularium
638 1839 733 1897 tentati,
751 1855 823 1887 coao-

150 1908 189 1949 tus
201 1916 275 1948 rerum
286 1901 456 1956 necessitudine,
472 1904 550 1949 statuit
564 1905 633 1950 armis
643 1912 735 1950 certare.
767 1903 824 1966 igi

150 1971 190 2014 tur
200 1967 316 2028 explorato
326 1967 440 2013 hostium
434 1967 520 2022 ttinere,
537 1969 561 2014 in
578 1984 641 2030 spem
659 1969 760 2015 victoriae
778 1969 825 2015 ad-‚
890 2016 891 2019 ,

147 2033 235 2081 ductus
245 2046 274 2078 ex
285 2033 449 2093 opportunitate
467 2031 518 2087 loci,
534 2048 589 2094 quas
606 2048 723 2080 maxumas
740 2035 821 2095 copias

151 2106 228 2160 potest
238 2097 338 2147 omnium
350 2112 460 2159 genemm
471 2106 540 2160 parat,
556 2114 583 2144 ac
600 2114 641 2160 per
659 2099 761 2144 tramites
779 2114 825 2145 oc-

152 2163 228 2210 cultos
249 2163 372 2209 exercitum
392 2161 483 2210 Metelli
500 2164 622 2210 antevenit.
664 2163 723 2210 Erat
743 2165 768 2208 in
790 2162 841 2211 ed*

152 2236 217 2290 parte
228 2226 350 2281 Numidiae,
367 2242 435 2287 quam
453 2227 568 2274 Adherbal
584 2228 607 2273 in
619 2228 729 2276 divisione
738 2243 822 2288 posse-

153 2293 223 2346 derat,
243 2291 329 2339 flumen
346 2292 421 2338 oriens
437 2307 450 2338 a
464 2293 563 2345 meridie,
574 2293 665 2339 nomine
676 2292 823 2351 Mutbui;a

153 2372 201 2433 quo
210 2359 286 2423 aberat
295 2370 362 2402 mons
371 2355 442 2403 ferme
452 2357 522 2403 miliia
529 2372 634 2418 passuum
645 2358 734 2419 viginti,
745 2364 823 2404 tractu

153 2424 209 2484 pari,
221 2430 298 2468 vastus
309 2419 426 2469 abnaturai
439 2429 464 2468 et
479 2423 577 2469 humano
593 2423 668 2469 cultu:
689 2422 728 2467 sed
744 2437 775 2467 ex
791 2438 822 2468 eo

154 2488 229 2535 medio
240 2501 303 2546 quasa
296 2485 377 2531 collis
388 2486 520 2541 oriebatur,
514 2502 536 2532 m
548 2489 682 2533 immensum
693 2487 819 2548 pertinens,

155 2553 250 2599 vestitus
261 2551 356 2597 oleastro
367 2564 394 2596 ac
409 2553 519 2611 myrtetis,
537 2552 630 2613 aliisque
648 2552 767 2614 generibus
783 2566 822 2597 ar-

154 2618 242 2677 borum,
261 2630 313 2681 quae
330 2616 393 2675 humi
411 2616 473 2671 asido
491 2625 558 2681 atque
575 2632 670 2687 areunae
686 2617 824 2682 gignuntur.
