1800 2942
61 147 169 201 cmsa
292 147 497 200 mouentia
618 198 620 217 ,
696 154 729 200 as

61 278 136 328 affore.
167 277 206 327 Ita
216 279 349 342 componitis
359 280 432 335 rebus,
451 280 476 324 iu
486 277 537 326 loca
547 293 614 340 quam
624 290 732 329 mamare

14 362 16 383 τ
60 346 146 393 occulta
155 345 262 401 discedit;
279 360 306 392 ac
316 352 368 406 post
378 345 444 407 paula
453 345 579 406 cognoscit,
591 343 692 392 Marium
700 359 731 393 ex

59 410 136 458 itinere
150 410 314 458 frumentatum
334 425 386 459 cum
401 409 480 471 paucis
495 409 625 457 cohortibus
642 409 730 457 Siccsm

60 476 166 535 niumm
183 475 245 537 quod
255 475 362 538 oppidum
370 475 469 538 primum
476 475 577 522 cranium
585 482 638 536 poet
648 475 730 522 melam

61 554 157 603 pugnam
168 540 197 588 ab
208 554 265 602 ruge
283 539 401 588 deiecerat.
432 539 471 588 Eo
481 555 533 588 mim
545 540 638 587 delectis
648 541 730 602 equiti·

61 605 98 653 ua
115 613 188 653 noctu
205 605 288 667 pergit,
304 612 329 652 et
342 606 391 669 jam
408 605 574 667 egredientibus
584 604 696 653 Romanis
706 606 730 652 in

61 669 121 732 pond
137 685 241 734 pugnarn
255 668 325 718 facit:
345 671 413 719 simul
428 669 514 732 magnai
533 686 592 718 voce
613 670 731 718 Sicccuses

60 735 221 791 lorsamrputi
237 736 337 783 cohortis
348 736 376 783 ab
386 743 453 798 tergo
472 735 662 783 circumveniant:
681 735 730 783 for·

61 807 134 848 mnam
152 800 257 863 praeclari
273 799 380 848 facinoris
389 815 467 849 casum
478 800 546 859 darc:
565 802 584 848 si
594 800 617 847 id
628 799 729 856 fecerint,

59 874 133 927 postea
152 881 205 913 aeae
221 866 245 914 in
264 881 344 928 regno,
360 866 411 913 illas
429 866 454 913 in
473 866 582 920 libertate,
600 866 649 912 aine
665 872 729 913 metu

61 937 148 979 atatem
160 937 271 981 acturos..
292 931 336 987 Ac,
347 931 371 978 ni
382 931 473 980 Marius
483 932 550 994 signa
559 930 650 988 inferre,
661 937 730 992 atque
759 988 761 995 χ

61 996 152 1043 eradere
170 996 254 1058 oppido
272 996 445 1059 properavisset,
467 996 569 1059 profecto
588 996 671 1053 cuncti,
690 1003 730 1043 aut

61 1073 140 1123 magua
157 1076 211 1124 pars
231 1061 372 1109 Siccensium
390 1061 459 1109 fidem
477 1063 640 1109 mutavissent:
666 1059 731 1111 tanti

62 1126 182 1191 mobilitate
193 1141 244 1173 sese
255 1126 364 1175 Numidae
378 1135 457 1190 agunt.
491 1127 536 1175 Sed
547 1128 630 1173 milites
640 1125 729 1189 Jugur·

62 1190 121 1246 uini.
139 1192 255 1254 paulisper
265 1192 293 1239 ab
306 1207 361 1254 rege
371 1193 498 1247 sustentati,
513 1200 633 1254 postquam
644 1192 731 1254 majore

62 1255 83 1303 ri
92 1255 169 1304 hostes
180 1268 270 1318 urgent,
280 1258 357 1319 paucis
368 1258 463 1312 amissis,
473 1256 564 1319 profugi
572 1257 700 1311 discedunt.

90 1318 173 1368 LVII.
190 1320 282 1371 Marius
292 1323 321 1369 ad
331 1321 425 1371 Zamam
440 1322 556 1385 pervenit:
575 1321 599 1367 id
614 1320 737 1383 oppidum,'

32 1390 35 1399 ’
62 1383 173 1448 incampo
184 1388 260 1441 situm,
271 1387 345 1450 magis
355 1403 423 1451 opere
434 1402 503 1449 quam
520 1384 601 1434 naturd
616 1388 729 1433 munitum

61 1458 121 1509 erat:
137 1451 224 1499 nullius
234 1452 323 1500 idoneae
339 1454 372 1500 rei
388 1468 469 1517 egena,
486 1453 554 1500 armis
564 1451 662 1512 virisque
673 1466 730 1514 opu·

60 1513 149 1564 lurtum.
184 1514 261 1579 Igitur
279 1517 396 1573 Metellus,
414 1535 458 1581 pro
475 1526 578 1580 tempore
596 1524 664 1577 atque
679 1517 731 1563 loco

60 1582 139 1641 puetis
157 1583 233 1637 rebus,
253 1592 335 1631 cuncta
352 1585 439 1632 moenia
447 1584 550 1631 exercitu
565 1582 727 1629 circumvenit:

60 1642 138 1707 legatis
155 1646 260 1708 imperat,
275 1649 313 1695 ubi
327 1650 422 1710 quiaque
436 1655 541 1696 curaret:
561 1647 648 1701 deinde,
663 1647 731 1711 signo

61 1708 116 1766 dato,
136 1711 237 1773 undique
247 1712 316 1761 simul
325 1714 410 1761 clamor
419 1714 503 1776 ingens
514 1714 600 1760 oritur:
620 1727 693 1775 neque
703 1727 731 1760 aa

16 1820 17 1827 ,
60 1788 94 1821 rea
103 1773 219 1823 Numidae
230 1783 317 1835 terret:
333 1777 416 1826 infensi
431 1778 559 1839 intentique
571 1780 621 1826 siue
631 1778 730 1826 tumultu

16 1874 17 1879 ,
59 1848 164 1888 namot:
183 1842 290 1903 proelium
307 1843 419 1906 incipitur.
451 1843 559 1899 Romam,
576 1860 618 1907 pra
637 1843 730 1906 ingenio

60 1905 158 1966 quisque,
175 1920 229 1968 pars
247 1908 336 1956 eminus
347 1909 431 1971 glande
440 1920 480 1956 aut
491 1910 601 1972 lapidibus
610 1923 729 1971 pugnare:

60 1968 93 2016 ali
102 1971 234 2031 succedere,
245 1986 272 2021 ac
279 1987 370 2021 murum
378 1974 447 2021 modo
455 1974 572 2029 suffodere,
583 1974 653 2020 modo
664 1973 731 2020 scalis

60 2036 166 2096 aggredi:
186 2048 269 2098 cupere
279 2039 385 2100 proelium
395 2040 533 2087 inmanibus
543 2039 624 2086 lacere.
642 2035 731 2095 Contra

59 2111 83 2145 et
97 2101 204 2163 oppidani
219 2102 245 2148 ia
260 2117 383 2164 proxumo:
399 2119 455 2152 saxa
469 2105 576 2162 volvere3
593 2103 662 2158 sudis,
678 2102 730 2164 pila,

58 2173 165 2223 preterea
174 2167 249 2228 picem
260 2167 346 2216 sulfure
355 2176 379 2217 ct
389 2168 450 2218 taedi
460 2170 553 2217 mixtam
564 2169 666 2215 ardentia
676 2168 730 2214 mit·

17 2252 18 2279 ι
59 2233 110 2277 tete.
144 2231 192 2279 Sed
214 2246 258 2280 nec
279 2233 336 2290 illos,
358 2235 397 2297 qui
412 2235 492 2298 procul
509 2240 645 2288 manserant,
662 2233 731 2280 timor

17 2322 19 2331 ν
59 2293 124 2341 nimi
142 2296 198 2344 satis
213 2298 355 2347 muniverat:
374 2315 428 2351 nam
445 2300 565 2362 plerosque
578 2299 662 2361 jacula,
681 2306 730 2344 tor·

18 2392 19 2395 =
59 2356 138 2407 amus
148 2368 190 2409 aut
200 2364 368 2421 manumissa,
387 2366 550 2422 volnerabant3
567 2365 661 2427 parique
669 2363 730 2425 peri-

59 2422 114 2478 ΜΟ,
124 2426 166 2473 ted
175 2425 239 2474 fami
248 2429 335 2490 impuri,
345 2431 399 2478 bani
407 2438 475 2492 atque
485 2431 563 2493 ignavi
571 2437 643 2477 erant.

88 2486 186 2539 LVIII.
203 2489 269 2541 Dum
280 2495 340 2556 apud
349 2494 445 2544 Zamam
458 2497 489 2542 sic
497 2502 603 2549 certatur,
614 2493 732 2555 Jugurtha

60 2563 87 2599 Β
103 2554 229 2618 improviso
248 2566 323 2607 castra
335 2560 434 2608 hostium
449 2575 502 2607 cum
517 2558 603 2621 magud
613 2571 682 2605 mauu
693 2557 730 2601 in·

59 2616 127 2667 vadit:
153 2622 261 2680 remum,
284 2625 324 2686 qui
345 2626 369 2672 iu
388 2626 494 2688 prasidio
515 2631 587 2678 erant,
609 2631 634 2669 et
649 2619 732 2697 ‘omnia

59 2685 128 2747 mals
138 2700 207 2749 quam
216 2689 326 2753 prelum
340 2691 530 2755 expectantibus,
548 2694 638 2752 portam
648 2697 731 2739 mum.-
