1800 2942
386 502 574 569 JUSTINI

172 689 456 753 Hisronnnnn
476 669 825 750 PHILIPPICARUM'

217 867 324 920 LIBER
339 865 554 917 TRICESIMUS
571 865 757 918 SEPTIMUS.

186 1145 207 1195 Ι.
224 1145 307 1196 Cano
317 1147 455 1201 Aristonico,
467 1146 624 1194 Massilienses
636 1162 678 1209 pro
694 1145 824 1196 Phocaeu-

154 1214 222 1268 sihus,
233 1213 384 1261 conditoribus
400 1213 453 1267 suis,
471 1226 567 1271 quorum
586 1213 664 1259 urbem
683 1220 785 1267 senatus,
802 1222 826 1259 et

154 1293 222 1325 omne
233 1293 323 1333 nornen,
335 1278 406 1341 (quod
417 1288 440 1338 ct
451 1283 513 1331 tunc,
525 1284 549 1322 et
560 1284 627 1323 antea
637 1277 749 1323 Antiochi
756 1278 822 1333 bello,

154 1342 236 1391 infesta
246 1351 325 1390 contra
335 1342 440 1405 populum
448 1340 579 1387 Romanum
587 1356 650 1387 uma
659 1340 772 1401 tulerant)
783 1342 823 1389 de·

154 1408 196 1454 leri
213 1409 319 1470 jusserat,
340 1407 429 1469 legatos
450 1404 550 1451 Romam
567 1406 711 1467 deprecatum
735 1404 823 1461 misere,

155 1473 290 1533 veniamque
306 1472 340 1518 his
355 1486 368 1517 a
385 1477 464 1517 senatu
475 1468 612 1517 obtinnire*
632 1470 690 1517 Post
701 1472 753 1518 haec
762 1473 821 1533 regi-

155 1539 204 1592 bus,
215 1538 253 1599 qui
263 1538 370 1584 adversus
382 1535 537 1582 Aristonicum
552 1535 635 1581 auxilia
648 1535 755 1592 tulerant,
766 1552 823 1599 pras-

155 1603 202 1649 mia
211 1602 339 1664 persoluta:
360 1600 488 1647 Mithridati
501 1598 598 1647 Pontico
619 1599 721 1662 Phrygia
738 1603 821 1664 major;

155 1665 208 1712 filiis
218 1666 351 1720 Ariarathis,
368 1666 428 1727 regis
440 1662 597 1726 Cappadociae,
613 1665 652 1726 qni
667 1666 749 1712 eodem
766 1666 824 1713 bello

156 1730 275 1785 occiderat,
286 1730 403 1791 Lycaonia
420 1738 443 1776 et
457 1727 538 1778 Cilicia
552 1730 625 1787 datae;
642 1728 823 1793 fideliorqnepo·

155 1794 221 1857 prrlus
233 1793 352 1842 Romanus
360 1796 384 1841 in
396 1795 450 1841 socii
461 1793 527 1850 filios,
543 1810 609 1856 quarn
621 1796 729 1843 materia
741 1796 821 1843 liberor

155 1859 213 1906 fuit:
232 1860 314 1921 qnippe
325 1860 377 1905 hinc
387 1859 487 1921 parvulis
497 1866 588 1907 auctum
600 1875 706 1921 regnum,
716 1861 770 1908 inde
776 1862 823 1908 vita

158 1925 253 1972 ademta
286 1922 393 1984 Namque
404 1922 510 1979 Laodice,
527 1939 557 1970 ex
570 1939 665 1972 nurnero
676 1940 718 1973 sex
727 1925 822 1973 filiorum

157 2005 214 2050 quos
235 1988 306 2036 virilis
328 1987 395 2035 sexhs
417 2003 447 2035 ex
469 1988 588 2035 Ariarathe
610 2005 664 2052 rege
689 1999 827 2053 susceperat

157 2055 240 2101 timens
254 2069 283 2100 ne
299 2068 344 2100 non
359 2052 445 2100 diutina
461 2055 526 2115 regni
539 2054 731 2102 administratione
745 2055 823 2103 adultis

158 2118 289 2179 quibusdam
300 2119 417 2180 potiretur,
432 2119 529 2180 quinque
543 2119 668 2181 parricidali
678 2135 768 2167 veneno
781 2136 819 2167 ne·
883 2129 884 2146 ¹

158 2183 231 2230 cavit:
257 2199 328 2229 unum
346 2184 465 2245 parvulum
483 2183 562 2230 sceleri
579 2183 656 2230 matris
675 2193 818 2246 cognatorum

159 2248 260 2293 custodia
278 2248 367 2308 eripuit,
386 2249 431 2308 qni,
454 2254 506 2309 post
524 2263 602 2293 necem
614 2247 734 2304 Laodices,
754 2251 820 2313 (narr,

157 2317 248 2370 propter
260 2312 421 2367 crudelitatem,
435 2327 486 2358 eam
496 2312 592 2373 populus
602 2312 753 2374 exstinxerat)
764 2317 820 2362 solas

158 2387 230 2434 regno
246 2376 332 2434 potitus
347 2382 390 2422 est.
427 2375 573 2422 Mithridates
593 2391 689 2437 quoqne,
710 2380 820 2440 repentini

158 2442 232 2482 morte
250 2438 397 2500 interceptus,
416 2438 495 2494 filium,
515 2441 554 2500 qni
575 2448 599 2487 et
616 2441 666 2502 ipse
681 2441 820 2491 Mithridates

158 2500 231 2546 dictus
242 2507 283 2554 cst,
295 2502 397 2563 reliquit:
418 2505 482 2566 cujus
494 2519 522 2550 ea
533 2512 612 2566 postea
627 2507 761 2567 magnitudo
775 2508 819 2563 fnit,

158 2570 183 2609 ut
194 2578 240 2611 non
251 2565 286 2613 rui
297 2572 385 2614 tantum
396 2568 511 2630 temporis,
526 2584 605 2617 verum
621 2571 689 2618 etiam
707 2574 820 2636 superisne
