1800 2942
100 125 228 178 canoa
331 100 534 177 sucurram.
723 130 772 178 117

99 257 210 321 quaestori
226 256 332 305 mandata
342 257 430 305 Bocchi
448 257 586 320 patefaciunt
594 276 602 318 3
617 257 686 305 simul
701 259 729 305 ab
743 272 773 307 eo

98 330 189 387 petant,
206 323 240 369 uti
261 322 337 369 fautor
358 324 518 385 consultorque
539 324 580 370 sssri
599 323 669 370 adsit:
689 324 775 386 copias,
840 351 847 366 1

98 387 176 442 fidem,
187 387 366 449 magnitudinem
377 389 438 451 regis
449 389 490 443 sui,
502 396 526 436 et
536 389 585 444 alia,
597 403 649 449 quae
660 396 699 435 aut
709 389 773 436 utilia

97 461 139 501 sut
148 452 314 500 benevolentiae
324 454 450 508 credebant,
460 454 561 500 oratione
571 453 697 501 extolluntr
712 454 773 509 dein,

100 516 253 565 sudomir
262 518 369 579 pollicito,
381 519 448 574 docti,
460 534 505 580 quo
515 520 584 566 modo
590 519 649 580 apud
660 519 770 573 Marium,

99 584 155 630 itam
172 583 233 644 apud
247 590 350 630 senatum
361 583 430 630 verba
439 583 546 638 facerent,
557 585 646 631 circiter
656 584 704 631 dies
714 597 771 644 qua·

100 648 208 708 draginta
218 648 299 694 ibidem
311 649 464 710 opperiuntur.
764 690 766 699 ,

133 711 202 761 clv.
218 711 309 759 Marius
318 721 436 774 postquam
449 713 552 776 (infecto,
572 728 617 773 quo
636 713 770 768 intenderat,

99 775 207 839 negotio)
220 774 308 825 Cirtam
319 778 392 833 redit3
404 778 433 824 de
443 778 544 824 adventu
554 778 680 840 legatorum
689 780 773 826 certior

97 842 180 897 sactus,
197 841 293 903 illosque
303 849 327 889 et
338 843 424 889 Sullam
435 844 513 890 venire
519 844 591 905 jubet,
608 844 662 890 item
675 843 704 889 L.
714 842 770 890 Bel·

97 907 185 954 lienum
207 913 327 969 pratorem
348 906 423 963 Utica
445 915 555 970 praterea
577 909 651 954 omnis
672 909 772 970 undique

98 973 207 1020 senatorii
215 973 306 1027 ordinis,
313 974 446 1034 quibuscum
457 974 562 1020 mandata
573 973 659 1020 Bocchi
671 988 770 1035 cognor-

99 1039 139 1084 cit,
173 1036 269 1099 Legatis
284 1045 385 1100 potestas
396 1039 464 1085 eundi
475 1038 574 1085 Romam
584 1038 611 1085 fit
621 1039 649 1085 ab
660 1039 767 1085 consuler

97 1103 187 1150 interea
196 1103 293 1150 inducias
302 1104 479 1165 postulabantur.
512 1103 549 1150 Ea
564 1104 634 1150 Suliae
651 1111 674 1149 et
690 1103 771 1165 pleris-

97 1183 144 1229 que
154 1164 273 1230 placudre':
286 1169 351 1230 pauci
360 1167 458 1215 ferocius
466 1169 597 1222 decernunt,
604 1168 690 1216 scilicet
697 1168 771 1230 ignari

97 1234 248 1280 humansrum
264 1248 346 1288 renim,
363 1248 415 1295 quae
427 1232 497 1279 fluxae
508 1239 533 1279 et
542 1233 636 1280 mobiles
647 1247 735 1294 semper
744 1234 770 1279 in

96 1298 195 1346 advorsa
205 1303 300 1345 mutant.
334 1295 451 1346 Caeterum
461 1298 546 1353 Mauri,
556 1298 682 1359 impetratis
692 1298 769 1345 omni·

95 1363 139 1411 bus
145 1364 219 1417 rebus,
226 1363 378 1410 tresRomam
385 1362 479 1425 profecti
486 1377 538 1410 cum
546 1360 590 1411 Cu.
595 1362 692 1410 Octavio
698 1361 771 1418 Rufo,

95 1429 135 1490 qui
144 1435 246 1489 quaestor
252 1428 387 1490 stipendium
392 1430 416 1475 in
424 1427 526 1475 Africam
535 1434 677 1490 portaverat:
689 1428 733 1475 duo
740 1428 769 1475 sd

96 1508 176 1556 regem
183 1493 284 1540 redeunt
295 1493 696 1548 ExhisBocchuscumcaeteratum
703 1507 768 1539 max·

94 1573 152 1670 Eme
161 1559 324 1670 berlugngtatem
336 1567 360 1606 et
370 1559 470 1606 studium
487 1557 661 1671 {purgalum
676 1559 771 1672 egregit·

93 1638 188 1750 griffi
199 1632 520 1753 secgeleilceilii’mrirlndleiiidcati
536 1638 771 1745 auntlegariiilitiamlit

94 1753 172 1801 ioedus
183 1754 311 1815 petentibus
322 1755 365 1800 hoc
376 1754 445 1801 modo
457 1755 618 1816 respondetur:

127 1825 143 1848 ‘⁸
155 1819 254 1866 Senatus
264 1827 288 1865 et
295 1820 392 1882 papulus
403 1817 522 1866 Romanus
532 1818 634 1867 beneficii
646 1827 670 1868 ct
680 1819 769 1883 inJurioe

93 1898 184 1931 mentor
194 1898 246 1930 esse
256 1884 321 1931 solet.
353 1882 469 1933 Caeterum
481 1884 582 1941 Boccho,
598 1887 705 1946 quoniam
715 1898 768 1946 poe·

93 1949 163 2004 nitet,
174 1948 252 1995 delicti
262 1951 359 2011 gratiam
371 1949 437 1997 iacit:
451 1950 527 1998 fredus
537 1957 561 1998 et
572 1951 670 1999 amicitia
681 1950 768 1996 dabun-

94 2021 140 2068 tur,
152 2028 205 2060 cum
216 2012 349 2062 meruerit”

99 2114 101 2123 s
127 2076 183 2126 CV.
201 2077 262 2132 Quis
276 2079 343 2126 rebus
359 2080 465 2143 cognitis,
487 2080 595 2128 Bocchus
605 2095 646 2142 per
662 2077 739 2125 literas
753 2092 769 2125 a

92 2142 174 2190 Mario
184 2143 271 2205 petivit,
282 2145 315 2190 uti
328 2144 413 2192 Sullam
425 2146 453 2192 ad
465 2160 490 2192 se
501 2147 619 2202 mitteret3
635 2145 699 2191 cu‘us
707 2144 767 2190 arbi·

91 2215 155 2255 tratu
162 2208 191 2254 de
199 2209 355 2256 communibus
366 2210 464 2273 negotiis
474 2211 636 2257 consuleretur.
653 2160 677 2255 ll
684 2209 768 2256 missua

76 2356 80 2362 .
91 2274 766 2402 murmur

234 2372 239 2385 ·
758 2371 766 2396 r

92 2418 147 2450 cum
158 2403 290 2450 uelitaribus
301 2405 376 2459 armis,
385 2405 471 2451 itineris
482 2405 616 2468 properandi
628 2403 709 2451 causi:
724 2419 766 2451 ne·

92 2483 138 2529 que
148 2468 183 2515 his
194 2484 267 2524 secus,
278 2476 346 2530 atque
356 2470 406 2517 aliis
416 2470 491 2525 armis,
502 2472 623 2518 advorsum
636 2470 682 2517 tela
693 2469 766 2515 hosti·

91 2547 139 2587 um,
151 2534 213 2595 quod
224 2548 252 2580 es
262 2535 322 2580 levia
332 2542 392 2588 suut,
404 2535 492 2581 muniti.
526 2536 571 2583 Sed
585 2536 672 2588 itinere,
684 2534 765 2594 quinto

91 2597 191 2658 hamne
207 2598 250 2652 dic,
262 2598 350 2657 Volux,
362 2598 421 2646 tilius
432 2599 526 2655 Bocchi,
539 2606 632 2662 repente
642 2600 665 2644 in
677 2598 764 2657 campis

88 2664 219 2724 mutibus
230 2678 283 2711 cum
293 2664 356 2712 millo
366 2678 413 2711 non
426 2664 525 2727 amplius
541 2664 652 2725 equitibus
663 2675 714 2710 sese
724 2672 762 2707 os·
