1800 2942
145 134 161 178 6
394 129 582 182 canunt,
605 149 608 155 ·
706 132 767 184 eu.
780 138 825 184 11.

145 262 227 310 blicam
235 263 356 310 curabant:
376 276 558 325 quarumurerum
569 279 617 327 ego
626 266 820 314 maxums'docu«

145 335 223 375 ments
233 328 283 374 haec
294 328 371 383 habco,
384 330 443 390 quod
455 330 539 390 sapius
548 329 686 376 vindicatum
697 331 767 377 estin
775 346 820 379 eos

146 393 185 455 qui
199 399 278 440 contra
288 394 406 455 imperium
417 394 441 440 in
453 394 542 441 hostem
553 401 716 457 pugnaverant,
733 397 820 457 quique

146 458 239 512 tartiius,
256 461 361 511 revocati,
378 459 438 505 bello
455 469 605 514 excesserant,
621 474 689 520 quarn
700 461 738 520 qui
750 461 819 524 signa

147 523 280 584 relinquere,
291 532 336 578 aru,
346 524 413 585 pulsi,
424 525 477 571 loco
486 524 566 571 celere
576 525 624 571 ausi
632 533 696 571 erant
704 542 711 571 t
719 552 721 557 κ
730 526 820 589 inpqoe

146 603 209 643 vero,
221 589 281 650 quod
290 589 404 635 beneflciis
414 604 480 650 quam
488 598 551 636 metu
558 591 676 651 imperium
687 590 815 652 agiubmu

148 660 180 712 et,
190 651 281 714 accepti
289 652 375 715 injurii,
384 655 503 714 ignoscere
509 669 576 715 quam
585 655 688 716 persequi
696 655 821 703 malebmt.

140 738 149 749 ··
180 718 215 765 X.
230 718 277 764 Setl
286 718 324 766 ubi
338 718 414 766 labore
424 727 492 780 atque
501 718 591 781 justitii
602 720 725 781 respublica
735 721 819 779 crevit,

146 798 214 846 reges
225 784 302 845 magni
311 783 371 830 bello
379 783 465 838 domiti,
481 785 583 831 nationes
592 784 683 831 feraeet
692 785 769 846 populi
780 786 819 832 in·

146 855 228 912 gentes
238 849 262 895 vi
273 849 365 902 subacti,
383 846 509 911 Carthago,
520 849 603 896 aemuls
612 849 699 911 imperii
709 848 820 907 Romani,

148 914 177 961 ab
191 914 261 974 stirpe
279 914 370 968 interiit,
387 921 470 960 cuncta
486 915 557 960 masia
574 922 685 975 terraeque
695 916 818 976 patebant3

148 979 230 1025 sevire
241 977 349 1033 Fortuna,
365 993 391 1025 nc
402 979 497 1025 miscere
515 980 597 1033 omnia,
614 980 691 1040 coepit.
724 979 772 1033 Qui
782 980 821 1028 ln·

147 1044 220 1097 bores,
233 1044 338 1105 pericula,
350 1043 428 1090 dubias
439 1053 506 1104 atque
517 1059 607 1105 mperes
617 1044 726 1090 ressacile
734 1044 820 1092 tolcra-

147 1114 234 1161 verant,
243 1109 271 1154 iis
279 1109 356 1163 otium,
362 1109 458 1165 tlivitiae,
463 1109 568 1170 optandae
574 1109 630 1162 aliis,
636 1109 698 1155 oneri
706 1109 818 1158 miserim·

147 1187 193 1235 que
198 1170 270 1219 fuite-
285 1171 360 1235 Igitur
365 1174 438 1236 primo
444 1175 552 1236 pecuniae,
562 1173 642 1220 deinde
649 1174 743 1235 imperii,
752 1175 819 1236 cupi·

148 1237 178 1286 do
189 1239 271 1285 crevit:
290 1254 317 1285 ca
327 1239 389 1300 quasi
397 1240 502 1286 materies
513 1239 613 1285 omnium
624 1239 734 1286 malorum
745 1236 824 1287 tetre*

148 1301 256 1365 Namque
272 1304 365 1351 arantis
375 1303 448 1360 fidem,
462 1304 602 1366 probitatem,
614 1306 820 1364 caeterosqueattia

147 1367 219 1415 bonm
229 1369 354 1425 subsortit3
366 1384 407 1430 pro
417 1370 459 1422 his,
467 1369 598 1430 superbiam,
606 1368 767 1423 crudelitatem,
775 1369 819 1421 de·

147 1434 304 1497 nenegligere,
312 1435 388 1480 omnis
398 1434 486 1481 venalia
496 1435 584 1487 habere,
595 1434 696 1480 edocuit:
715 1433 819 1483 Ambitio

147 1499 233 1547 multos
243 1499 344 1546 mortalis
357 1498 427 1546 islsos
437 1497 487 1546 fieri
497 1500 602 1560 subegit3
614 1499 675 1545 aliud
685 1498 818 1547 clausumln

147 1571 259 1626 pectore*
269 1564 328 1611 aliud
346 1564 370 1610 in
380 1563 462 1626 lingui
471 1571 584 1626 promtum
595 1565 689 1620 babere3
706 1564 819 1611 amicitias

146 1629 326 1690 inimicitiasque,
346 1644 392 1676 non
404 1626 434 1675 ex
450 1644 482 1684 re,
505 1629 544 1675 sed
558 1643 588 1675 ex
605 1629 732 1683 commodo,
744 1638 823 1675 sesam·

147 1708 225 1752 mare3
242 1695 360 1755 magisque
379 1695 473 1747 vultum,
496 1709 563 1754 quam
585 1694 712 1756 ingenium,
730 1693 824 1741 bonum·

148 1759 236 1806 babere.
270 1758 331 1827 Haeq
351 1762 423 1820 primo
444 1758 551 1821 paulatim
572 1774 681 1815 crescere,
702 1759 823 1805 interdum·

147 1825 271 1871 uindicari:
291 1828 343 1887 pos't
354 1826 397 1880 ubi,
414 1826 520 1886 contagio
531 1826 602 1885 quasi,
612 1823 740 1886 pestilentia
748 1824 816 1871 iuva·

149 1890 186 1944 sit,
197 1890 277 1937 civitas
288 1891 417 1947 immutata3
428 1891 557 1951 imperium,
564 1904 595 1935 ex
602 1889 822 1950 justiasumontque

148 1962 249 2017 optumo,
258 1954 348 2002 crudele
357 1953 567 2015 intolerandumque
575 1954 668 2002 facturn.

146 2056 148 2059 .
182 2018 229 2067 XI.
245 2021 290 2067 Sed
300 2021 374 2081 primo
384 2020 458 2082 magis
468 2020 566 2073 ambitio,
577 2034 644 2080 quam
655 2019 755 2072 matitia,
767 2019 822 2065 suiv

147 2100 198 2134 moa
209 2086 326 2135 hominum
333 2086 451 2132 exercebat
458 2102 465 2141 ;
482 2085 543 2146 quod
553 2092 627 2131 tamen
634 2084 714 2131 vitium
724 2083 818 2145 propius

147 2152 334 2197 annumerat:
352 2165 404 2196 nam
426 2151 529 2211 gloriam,
551 2151 668 2204 honorem,
689 2149 819 2209 imperium,

147 2217 228 2269 mnus,
239 2216 336 2275 ignavus
347 2230 412 2274 aeque
423 2215 463 2262 sibi
475 2221 598 2276 exoptant:
618 2213 706 2261 sedille
716 2211 818 2260 serinii

149 2281 240 2336 nititur;
252 2279 304 2324 huic
314 2280 367 2341 quia
377 2281 444 2327 bonae
455 2287 515 2326 artes
525 2280 614 2333 desunt,
626 2279 683 2326 dolis
694 2285 762 2339 atque
771 2277 817 2325 ial-

147 2345 211 2392 laciis
221 2345 344 2393 contendit
378 2345 483 2392 Avaritia
500 2346 603 2406 pecunias
624 2344 722 2391 studium
742 2343 817 2399 babet,

148 2424 216 2471 quam
238 2422 305 2456 nemo
327 2410 416 2470 sapiens
434 2410 579 2471 concupivit:
595 2425 629 2462 ea,
648 2408 710 2470 quasi
721 2410 830 2456 vassenis

149 2474 214 2522 maiis
223 2473 316 2531 imbuta,
333 2490 414 2537 corpus
428 2476 573 2536 animumque
583 2475 671 2521 virilem
682 2469 813 2520 effeminat:

148 2554 237 2602 semper
246 2539 339 2596 infinita,
351 2540 488 2595 insatiabilis,
498 2556 573 2601 neque
583 2537 648 2602 copiti
657 2554 730 2598 neque
741 2536 819 2601 inopini

148 2605 277 2653 minuitur..
297 2606 349 2664 Sed,
366 2613 487 2668 postquam
505 2604 536 2652 L.
550 2605 621 2661 Sulla,
639 2605 708 2651 armis
726 2602 819 2666 recepti

148 2671 274 2736 republica.
284 2672 430 2732 bonisrinitiis
439 2671 512 2720 malos
522 2677 622 2719 eventus·
628 2670 706 2718 babuit
713 2685 722 2727 ς
730 2683 824 2732 ωριτε-
