1800 2942
152 237 201 283 868
272 231 409 284 JUSTINI
425 233 479 283 Lu.
489 233 601 284 XXXV.
616 232 677 285 Car.
688 238 714 282 2.

156 362 245 418 oblitus,
258 364 327 412 totius
337 364 408 412 ferme
420 363 522 412 Orientis
531 366 617 413 viribus
627 365 767 420 succinctus,
780 365 832 413 bel·

155 428 204 475 lum
226 428 345 476 Demetrio
366 429 450 488 infert3
474 433 604 490 victumque
624 429 673 477 virt
694 431 783 492 pariter
802 446 831 478 ac

156 509 228 556 regno
239 494 332 555 spoliet:
352 509 487 555 quamquem
501 510 543 542 nec
554 494 674 542 Demetrio
694 495 788 542 enimus
803 496 829 542 in
896 554 897 560 ἵ

154 559 306 622 propulsando
326 559 384 606 bello
406 558 490 606 defuit:
520 575 574 607 nam
594 567 618 606 et
643 559 717 621 primo
741 561 829 621 proelio

155 624 244 670 hostem
265 624 360 687 fugavit.
380 630 409 680 et,
431 625 523 686 regibus
543 624 625 671 bellum
644 625 826 684 restituentibus,

155 689 228 735 multu
238 688 307 735 millia
317 690 341 735 in
352 688 400 735 acie
416 690 504 736 cecidit.
535 689 573 736 Ad
588 696 730 751 postremum
746 696 826 742 tamen

155 752 240 800 invicto
258 753 333 801 animo
351 753 411 800 inter
423 753 601 802 confertissimos
617 753 742 801 fortissime
757 754 824 802 dimi-

156 831 211 864 cant
222 816 308 863 cecidit,
581 839 586 858 t

188 879 223 927 II.
239 878 310 927 Initio
325 881 377 928 belli
388 881 523 931 Demetrius
535 884 591 931 duos
607 882 666 931 filios
685 898 700 930 a
731 884 746 930 d
764 884 824 931 Gni-

155 944 216 992 dium
228 945 338 1007 hospitem
350 961 414 993 suum
427 964 479 995 cum
490 965 574 1012 magno
585 949 632 996 auri
646 899 748 1010 pondlle
760 963 822 994 com·

154 1009 307 1066 mendaverau
320 1018 345 1057 ut
355 1012 407 1059 belli
418 1014 522 1075 periculis
534 1014 693 1066 eximerentur,
713 1020 743 1067 et,
760 1013 780 1059 si
792 1013 822 1059 ita

152 1074 201 1121 fors
219 1074 316 1132 tulisset,
331 1081 432 1137 potemae
447 1078 528 1123 ultioni
545 1083 696 1124 servarentur.
729 1076 770 1124 Ex
788 1067 822 1123 his

152 1139 225 1201 maj0r
236 1137 375 1196 Demetrius,
391 1154 464 1188 annos
480 1141 600 1204 pubertatis
616 1156 731 1203 egressus,
748 1140 823 1189 audita

152 1203 278 1252 Alexandri
292 1202 386 1259 luxurii,
404 1219 471 1267 quem
489 1207 608 1267 insperatae
621 1222 682 1267 opes,
700 1215 726 1253 et
742 1207 822 1254 alienae

56 1279 58 1282 ’
150 1265 264 1317 felicitatis
275 1275 412 1326 ornamenta,
428 1271 491 1320 velut
505 1279 601 1333 captum,
619 1271 679 1317 inter
693 1278 821 1319 scortorum

151 1349 237 1397 greges
248 1334 345 1382 desidem
357 1335 381 1381 in
391 1332 455 1398 regit
465 1336 577 1392 tenebunt,
588 1336 748 1384 auxiliantibus
763 1335 821 1386 cre·

153 1399 260 1453 tensibus,
273 1413 376 1445 securum
388 1414 414 1446 ec
425 1400 481 1446 nihil
490 1402 572 1447 hostile
584 1407 725 1448 metuentem
737 1417 819 1464 eggre-
896 1461 897 1464 Ἴ

153 1462 220 1510 ditur.
248 1464 624 1526 Antiochensesquoqueveterem
632 1467 818 1527 patrisofl'ensam

153 1528 220 1576 novis
230 1529 317 1576 meritis
327 1531 455 1585 correcturi,
465 1546 489 1577 se
497 1531 518 1577 ei
527 1532 617 1578 tradunt
627 1548 632 1576 :
649 1531 691 1576 sed
701 1538 726 1577 et
736 1532 819 1578 milites

150 1594 246 1702 oeterni,
256 1592 334 1642 favore
339 1596 432 1658 juvenis
441 1596 537 1651 accensi,
547 1596 628 1659 prioris
636 1598 771 1643 sacramenti
783 1611 818 1643 re·

161 1672 260 1718 igionem
277 1659 331 1706 novi
347 1659 408 1721 regis
423 1660 532 1723 superbiae
548 1659 700 1723 praeferentes,
715 1662 781 1724 signu
791 1661 819 1708 ad

151 1717 297 1769 Demetrium
309 1723 458 1772 transferunt:
478 1732 545 1786 atque
562 1726 594 1773 ita
611 1725 752 1781 Alexander,
771 1741 817 1773 non

151 1785 234 1833 minori
244 1786 329 1849 impetu
339 1788 438 1837 fortunae
449 1791 583 1845 destructus,
594 1805 661 1852 quem
675 1790 755 1848 elatus,
770 1792 817 1853 pri-

152 1864 191 1895 mo
209 1850 290 1912 proelio
311 1852 385 1900 victus
403 1855 551 1903 interficitur:
570 1856 675 1916 deditque
696 1871 776 1919 poenes
795 1862 819 1903 et

151 1913 278 1969 Demetrio,
291 1931 357 1977 quem
369 1920 488 1981 occiderat,
499 1929 523 1970 et
536 1920 655 1979 Antiocho,
672 1922 738 1986 cujus
753 1935 818 1969 men·

151 1980 206 2054 titus
217 1980 328 2044 originem
334 1979 415 2035 fuerat,
