1800 2942
312 501 499 571 JUSTINI

97 688 385 752 ursronrsrum
405 685 722 746 uurnrrsrcuuou

262 865 369 918 LIBER
385 864 550 921 QUINTUS.

108 1144 128 1192 Ῑ.
146 1145 212 1193 Duas
228 1144 379 1193 Athenienses
395 1144 419 1190 in
439 1141 517 1189 Sicilia
530 1143 613 1190 bellum
623 1158 665 1203 per
678 1142 747 1188 bien·-

74 1212 139 1258 nium
151 1210 252 1272 cupidius
264 1224 330 1272 quam
338 1209 426 1255 felicius
436 1216 527 1268 gerunt,
543 1209 632 1253 interim
643 1206 748 1252 connitor

72 1282 99 1323 et
109 1276 157 1322 dux
172 1275 220 1336 ejus
239 1274 366 1322 Alcibiades
383 1273 464 1319 absens
481 1273 579 1319 Athenis
597 1270 745 1324 insimuletur,

72 1340 183 1401 mysteria
200 1337 290 1387 Cereris
301 1336 420 1384 Initiorum
432 1351 502 1392 sacra,
519 1336 580 1383 nullo
591 1336 664 1396 magis
678 1348 745 1394 quam

75 1404 167 1451 silentio
180 1404 294 1459 sollennia,
311 1402 472 1449 enuntiavisse:
492 1408 653 1461 reuocatusque
664 1398 746 1445 abello

74 1469 104 1516 ed
110 1468 229 1530 judicium,
249 1469 298 1516 sive
314 1467 475 1514 conscientiam
487 1468 535 1513 sive
546 1466 702 1527 indignitatem
713 1463 746 1509 rei

75 1532 216 1588 molerem,
228 1534 310 1580 tacitus
320 1532 343 1578 irs
355 1532 459 1578 exsilium
475 1530 566 1577 Elidem
577 1528 693 1592 proiectus
704 1534 751 1574 este

73 1595 142 1652 Inde,
160 1598 197 1643 ubi
213 1612 259 1644 non
278 1597 407 1643 damnatum
427 1610 452 1642 se
468 1602 563 1648 tuntum,
581 1608 659 1641 verum
677 1591 749 1639 etiam

74 1662 131 1709 diris
153 1676 194 1722 per
214 1662 316 1709 omnium
338 1661 478 1707 sacerdotum
499 1661 620 1722 religiones
638 1659 746 1704 devotum

74 1726 194 1787 coguovit,
214 1724 378 1773 Lacedaemona
399 1741 424 1772 se
443 1726 551 1772 eontulit:
578 1724 651 1784 ibique
668 1737 748 1785 regens

75 1789 304 1837 Lsoedaemoniorum
315 1790 410 1852 impellit
420 1790 515 1837 turbatis
526 1788 701 1837 Atheniensibus
707 1787 747 1834 ad-

75 1869 146 1901 verso
159 1851 241 1901 Siciliae
251 1855 331 1917 proelio
342 1855 402 1901 ultro
411 1854 495 1901 bellum
506 1855 595 1918 inferre
613 1853 667 1908 Quo
677 1853 746 1906 iacto,

75 1920 155 1966 omnia
172 1919 270 1966 Graeciae
281 1934 358 1981 regua,
370 1919 433 1965 velut
444 1919 473 1965 sd
483 1920 672 1980 exstinguendum
683 1931 746 1963 eom-

74 1998 147 2030 mune
171 1983 304 2039 incendium,
322 1991 481 2030 concurrunt..
496 1983 597 2030 Tantum
614 1983 659 2029 odii
674 1980 748 2027 Athe-

74 2049 168 2095 nienses
183 2048 323 2095 immoderati
335 2048 422 2110 imperii
433 2048 565 2095 crudelitate
582 2052 750 2093 contruxerunt

73 2112 165 2160 Darius
183 2127 278 2173 quoque,
288 2127 329 2166 rex
342 2112 468 2165 Persarum,
486 2128 573 2159 memor
584 2110 670 2173 paterni
680 2109 747 2156 aviti·

74 2174 748 2239 ru
802 2255 804 2258 .

76 2313 129 2353 tum
139 2305 192 2351 balli
202 2305 326 2366 pollicetur.
358 2305 391 2351 Et
401 2312 450 2351 erat
461 2306 497 2351 hie
508 2304 598 2365 quidem
606 2303 685 2350 titulus
695 2317 748 2350 cum

76 2370 170 2418 Graecis
183 2369 292 2416 miurdi:
309 2384 333 2415 re
350 2377 425 2416 sutem
443 2367 498 2416 veri
516 2369 614 2425 timebat,
631 2368 747 2422 revictis

75 2433 262 2490 Atheniensibus,
273 2434 335 2481 adse
346 2432 513 2481 Lacedaemonii
521 2448 583 2480 arma
593 2433 751 2481 transferrent.

76 2498 139 2553 Quis
159 2498 230 2561 igitur
251 2499 350 2554 miretur,
377 2505 423 2545 tum
444 2497 552 2545 florentes
574 2497 749 2545 Atheniensium

76 2561 752 2675 ffild‘illillillil'dldlillil

75 2706 123 2755 que
138 2692 258 2742 incruento
273 2689 374 2741 cecidere
389 2692 463 2751 hello;
480 2693 521 2739 sed
535 2691 631 2755 proeliati
649 2690 678 2741 ed
693 2687 735 2736 uiti
746 2733 752 2745 „
