1800 2942
149 137 198 225 na
272 169 409 225 mamm
425 168 578 220 unm
595 168 690 222 cana
728 231 731 236 ¹

151 321 195 355 nus
210 303 297 359 consul.
313 302 422 351 relatione
437 317 512 349 rerum
528 301 682 349 recentissime
692 308 820 364 gestarum,

152 386 205 419 suos
218 369 345 418 stimulabat
358 369 382 414 in
396 368 510 429 proelium,
526 366 672 422 ostendendo,
688 367 743 413 hino
758 366 820 416 Car·

152 436 268 498 tunginum
287 449 339 481 eum
357 432 439 485 sieilia,
461 432 514 478 inde
532 429 621 478 Italiam
639 441 662 477 et
680 430 820 494 Hispaniam

154 498 259 547 Romani
274 500 358 546 virtute
373 496 523 559 perdomitae:
543 511 585 542 nee
603 494 758 543 Hannibalem
769 498 820 558 qisi·

155 565 207 612 dem
224 564 355 613 Alexandro
374 561 464 624 Magno
482 561 668 623 postponendum,
689 576 737 621 quo
756 559 822 608 Italii

154 629 227 692 pulso,
246 628 348 676 Africam
358 628 436 688 ipsam,
453 626 541 672 tertiam
552 633 638 687 portem
649 626 736 680 mundi,
756 641 821 688 supe·

155 695 263 742 sni-erint.
294 691 339 739 Sed
347 706 389 739 neo
397 690 538 738 Maoedonns
548 691 618 737 veteri
628 687 697 744 fami,
709 691 757 737 sed
762 706 821 753 prae·

156 758 258 806 sentibus
271 757 362 811 viribus,
380 755 539 810 aestimandos3
555 755 608 815 quia
621 769 668 801 non
682 770 735 802 eum
748 755 822 802 Alex·

156 823 227 871 andro
245 821 342 883 Magno,
364 835 432 882 quem
454 820 563 866 invictum
581 819 680 874 audiunt,
704 835 749 867 uec
770 835 823 867 cum

156 887 257 934 exercitu
267 887 322 948 ejus,
340 886 379 946 qui
393 891 467 931 totum
479 884 595 931 Orientem
607 884 823 938 devicerit·belittm
893 932 894 946 χ

157 958 254 1014 gerant3
271 951 310 997 sed
321 964 372 996 oum
384 947 497 1011 Philippo,
513 951 583 1011 puero
597 949 727 996 immaturae
743 950 823 1004 natatis,
893 949 894 963 ¹

157 1016 196 1078 qui
207 1015 271 1077 regni
279 1015 388 1061 tenniuos
398 1014 506 1061 adversus
516 1012 624 1061 finitimos
634 1029 698 1076 aegre
706 1014 824 1070 defendst3

135 1077 139 1090 ¹
158 1086 182 1128 et
192 1080 290 1128 cumbis
301 1079 473 1134 Msoedonibus,
489 1081 528 1139 qui
539 1094 585 1126 non
598 1079 629 1125 ita
642 1079 730 1140 pridem
742 1080 825 1142 prede

158 1144 273 1193 Dardanis
282 1143 373 1192 fuerint.
405 1142 464 1191 Illos
473 1144 584 1203 urniorum
594 1143 683 1198 decora,
696 1159 723 1192 se
733 1158 826 1192 morum

158 1210 255 1259 militum
276 1224 459 1257 commemorate·
497 1208 553 1255 Non
574 1208 635 1255 enim
657 1208 703 1256 elio
725 1210 828 1257 exerdva

160 1274 311 1324 Hannibalem
322 1283 346 1322 et
360 1273 453 1329 Prenos,
469 1281 493 1320 et
503 1280 576 1319 totum
586 1272 659 1320 imme
669 1273 827 1329 Occidentem,

161 1342 201 1389 sed
211 1341 246 1388 his
256 1341 317 1403 ipsis,
328 1354 385 1401 quos
395 1340 419 1384 in
430 1338 479 1385 ucie
489 1339 576 1392 habeat,
588 1337 703 1393 militibus,
715 1339 827 1385 subactos.

161 1405 208 1453 His
218 1405 408 1453 adhortationibus
419 1403 532 1463 utrimque
542 1403 648 1449 concitati
659 1403 749 1456 milites,
764 1417 828 1464 prm·

159 1471 192 1519 lio
202 1476 344 1524 concurrunt,
361 1467 425 1515 alteri
436 1466 544 1520 Orientis,
560 1467 625 1513 alteri
636 1465 768 1515 Occidentis
781 1467 828 1512 im·

161 1537 224 1599 perio
231 1535 371 1597 gloriantem
386 1532 529 1592 serentesque
537 1532 560 1577 iu
567 1532 660 1587 bellum,
670 1532 709 1579 alii
716 1533 828 1594 majorim

162 1615 254 1649 suorum
262 1601 375 1660 antiquam
387 1606 411 1645 et
421 1596 543 1644 obsoletum
552 1596 656 1659 gloriam,
667 1597 706 1643 alii
717 1598 829 1644 virentem

163 1664 290 1712 recentibus
300 1662 459 1726 experimentis
468 1662 559 1708 muntia
568 1659 657 1708 florem.
689 1661 737 1709 Sed
747 1661 829 1708 Mace·

164 1730 235 1776 donas
250 1727 356 1775 Romana
370 1727 462 1775 fortuna
477 1726 540 1772 vicit.
571 1723 667 1773 Fructus
681 1726 760 1788 itaque
770 1725 829 1773 bello

165 1792 289 1853 Philippus,
307 1808 362 1856 pnoe
376 1807 388 1839 a
404 1791 532 1839 Flaminino
546 1789 728 1852 eonsulepetita,
744 1805 829 1838 nomen

164 1857 254 1920 quidem
264 1857 352 1918 regium
368 1857 474 1903 retinnit:
493 1855 533 1902 red
543 1856 646 1902 omnibus
658 1854 759 1903 Graeeiae
768 1855 831 1903 urhi-

165 1925 215 1978 bna,
234 1921 298 1969 velut
314 1922 378 1984 regni
395 1921 502 1968 matris
520 1927 584 1967 extra
602 1921 712 1968 terminos
730 1920 832 1981 antique

165 1986 319 2051 mundonis,
341 1986 435 2041 amissis,
458 1985 530 2032 nolam
552 1984 712 2032 Macedoniam
732 1985 833 2033 retinuit.

167 2052 255 2101 Offensi
266 2060 341 2100 tamen
352 2050 433 2105 AEtoli,
450 2050 575 2111 quodum,
591 2063 621 2095 ex
634 2050 727 2097 arbitrio
741 2059 843 2104 eorm

168 2116 304 2166 Maoedonia
313 2131 403 2178 quoque
412 2115 523 2163 tdemtsr
553 2116 559 2126 '
584 2120 608 2161 et
617 2113 670 2161 data
684 2113 726 2161 sibi
737 2115 760 2161 in
771 2129 833 2177 prz-

167 2182 239 2230 mium
248 2182 300 2229 belli
310 2188 377 2236 esset,
393 2181 483 2243 legatos
492 2180 522 2226 ad
556 2177 671 2226 ntioeltum
681 2179 784 2234 mittunt,
795 2180 833 2239 qui

168 2259 220 2292 erun
237 2245 364 2296 adulatione
379 2245 541 2307 magnitudinis
556 2244 580 2290 in
594 2242 778 2302 Romans‘bella,
788 2257 836 2307 spe

167 2309 280 2358 mattis
291 2311 402 2360 universe
414 2310 519 2366 Graeciae,
530 2308 678 2374 impellerent.
753 2315 755 2320 '
852 2327 855 2332 ·
