1800 2942
307 468 499 568 unsrun

73 616 374 760 'nrsromsnuu'
395 655 714 718 ennrrrrcmuu

184 835 292 886 LIBER
309 835 619 893 QUADRAGESIMUS.

103 1115 125 1163 Ι,
143 1114 244 1164 Mnunrs
254 1116 350 1165 fratrum
361 1116 425 1173 odiis,
443 1123 467 1163 et
481 1129 536 1161 mox
551 1114 602 1161 liliis
617 1116 738 1164 inimicitiis

66 1189 192 1246 parentum
203 1183 378 1238 succedentibus,
395 1196 446 1229 cum
461 1180 588 1241 inexpiabili
599 1179 657 1226 bello
667 1186 691 1226 et
701 1196 737 1227 re·

67 1263 122 1311 ges,
138 1253 163 1292 et
174 1262 269 1308 regnum
281 1247 355 1308 Syriae
366 1252 509 1293 consumtum
524 1252 591 1298 esset,
607 1244 635 1290 nd
646 1251 739 1292 externe

68 1311 170 1374 populu's
186 1311 268 1357 auxilia
285 1311 405 1364 concurrit,
424 1310 598 1372 peregrinosque
616 1309 656 1355 sibi
673 1323 740 1371 reges

69 1376 245 1437 circumspicere
261 1376 337 1437 coepit.
369 1373 450 1435 Itaque
465 1389 516 1420 cum
529 1389 580 1436 pars
591 1372 739 1421 Mithridaten

70 1440 204 1495 Ponticum,
213 1455 264 1502 pars
274 1439 422 1487 Ptolemaeum
434 1440 462 1485 ab
470 1438 574 1501 AEgypto
582 1438 739 1486 arcessendum

71 1512 193 1560 censeret3
211 1513 383 1565 occurreretque
393 1505 454 1565 quod
464 1503 609 1549 Mithridates
619 1504 739 1565 implicitus

70 1568 136 1617 bello
147 1569 253 1616 Romano
264 1577 329 1625 esset,
340 1568 479 1617 Ptolemaeus
489 1584 578 1628 quoque
589 1583 675 1629 semper
685 1569 739 1617 hos-

71 1635 105 1681 tis
119 1632 200 1681 fuisset
219 1634 306 1696 Syriae3
329 1649 408 1680 omnes
423 1635 447 1679 iu
466 1631 582 1695 Tigranen
597 1648 674 1695 regem
691 1633 739 1681 Ar·

71 1699 158 1746 meniae
176 1697 319 1754 consensere,
340 1700 483 1752 instructum,
505 1706 587 1759 praeter
606 1698 739 1748 domesticas

70 1765 144 1816 vires,
161 1770 184 1810 et
196 1762 300 1810 Parthici
311 1764 424 1816 societate,
441 1770 465 1809 et
476 1762 615 1809 Mithridatis
626 1763 740 1814 affinitate.

73 1827 154 1892 Igitur
169 1830 253 1875 accitus
267 1829 291 1874 in
302 1843 397 1891 regnum
409 1827 489 1889 Syriae,
506 1843 546 1890 per
562 1828 684 1876 octodecim
699 1845 741 1878 an·

74 1908 121 1943 nos
137 1894 319 1955 tranquillissimo
338 1908 410 1956 regno
425 1894 511 1955 potitus
528 1900 577 1951 est3
592 1909 665 1954 neque
681 1895 740 1943 bello

75 1955 147 2007 alium
157 1958 273 2014 lacessere,
290 1973 363 2020 neque
373 1957 491 2006 lacessitus
505 1958 588 2005 inferre
599 1959 636 2004 alii
650 1959 740 2018 bellum,

77 2023 267 2071 necessehabuit.

112 2085 147 2135 IL
164 2087 209 2135 Sed
220 2088 279 2135 sicut
289 2087 316 2134 ab
326 2088 426 2134 hostibus
438 2094 487 2135 tuta
499 2086 565 2147 Syria
572 2085 622 2141 fuit,
633 2086 666 2133 ita
676 2094 744 2137 terrae

77 2159 144 2200 mutu
161 2147 250 2200 vaitcta
268 2157 315 2199 est:
339 2168 384 2213 quo
403 2160 494 2198 centum
514 2152 656 2213 septuaginta
673 2153 757 2202 millia'

78 2218 203 2272 hominum,
220 2225 244 2264 et
257 2216 335 2264 multas
345 2218 410 2263 urbes
420 2217 547 2278 perierunt:
567 2217 627 2276 quod
643 2217 743 2280 prodigi-

78 2296 119 2328 um
135 2283 281 2329 mutationem
293 2297 367 2328 rerum
377 2282 511 2343 portendere
527 2282 638 2343 aruspices
650 2298 744 2345 respon·
756 2301 757 2304 ¹

78 2347 168 2394 derunt.
202 2344 277 2409 Igitur
287 2345 387 2409 Tigrane
398 2361 411 2392 a
422 2345 520 2392 Lucullo
534 2346 601 2401 victo,
619 2362 660 2394 rex
670 2348 746 2410 Syriae

79 2411 215 2468 Antiochus,
228 2409 339 2473 Cyziceni
349 2410 414 2465 filius,
432 2412 460 2457 ab
471 2410 549 2457 eodem
560 2409 657 2459 Lucullo
669 2415 746 2477 appel·

79 2476 146 2523 latur.
178 2475 230 2533 Sed,
247 2475 308 2538 quod
326 2474 437 2522 Lucullus
452 2475 549 2529 dederat,
568 2484 647 2537 postes
663 2478 747 2527 ademit

81 2539 221 2601 Pompeium
238 2542 276 2603 qui
291 2542 392 2603 poscenti
409 2554 505 2602 regnum
521 2542 642 2601 respondit,
659 2556 689 2588 ne
704 2560 745 2592 vo-

79 2604 137 2651 lenti
153 2606 243 2666 quidem
261 2606 341 2667 Syriae,
358 2604 441 2651 nedum
461 2606 582 2661 recusanti,
599 2606 702 2652 daturum
722 2624 747 2654 se

82 2683 167 2731 regem,
179 2671 218 2731 qui
229 2670 353 2719 octodecim
360 2683 437 2724 annos,
449 2669 529 2729 quihus
537 2667 649 2732 Tigranes
658 2672 748 2734 Syriam
