1800 2942
249 142 385 194 JUSTINI
401 142 513 193 LsnIII.
530 142 591 193 Car.
603 148 626 194 7.
722 149 769 194 183

101 288 203 337 pugnam
214 274 327 336 expetisse
332 273 469 331 viderentur,
476 274 553 321 hostes
563 274 591 320 ad
601 273 705 334 pretium
715 289 769 335 pro·

100 347 193 388 vocant.
225 339 271 386 Sed
292 338 450 395 Athenienses,
477 339 572 385 consilio
593 337 675 385 Pericli
697 338 768 398 ducis,

101 403 253 466 populationis
270 403 373 466 injuriam
390 402 496 450 differunt
513 403 537 450 in
554 410 643 465 tempus
661 402 769 462 ultionis;

100 467 769 594 tt‘tfficttttefidsstittttdt‘tttt

100 612 173 645 naves
190 596 350 651 conscendunt,
370 605 400 650 et,
418 596 475 642 nihil
494 596 640 644 sentientibus
659 595 768 645 Lacedae·

100 662 190 716 moniis,
208 668 280 707 totam
291 660 392 723 Spartam
404 660 566 721 depraedantur,
578 662 694 721 multoque
703 661 768 724 plura

99 725 212 780 aufemnt,
227 739 295 786 quam
306 726 439 780 amiserant3
457 740 549 786 prorsus
566 733 599 779 ut,
610 726 634 771 in
650 740 767 787 compara·

98 791 163 838 tione
173 791 312 845 damnorum,
329 789 398 851 longe
408 789 478 851 pluris
487 788 555 838 suerit
571 783 633 844 ultio,
650 805 717 850 qnam
728 790 765 837 in·

92 854 164 919 juria.
196 850 264 902 Clara
273 853 363 914 quidem
379 854 428 900 haec
445 851 527 900 Pericli
545 854 659 915 expeditio
676 856 765 914 habita3

98 920 140 967 sed
151 919 224 965 multo
235 919 315 965 clarior
331 918 411 980 privati
429 918 557 980 patrimonii
574 926 701 966 contemtus
715 919 766 967 fnit.

99 983 180 1045 Hujus
199 998 273 1045 agros.
295 982 319 1029 in
340 983 484 1044 populatione
505 989 646 1037 caeterorum,
667 985 766 1031 intactos

96 1048 177 1096 hostes
195 1047 336 1107 reliquerant,
352 1053 466 1109 sperantes
483 1047 597 1107 acquirere
611 1062 636 1094 se
651 1046 683 1093 illi
694 1059 767 1110 'posse

96 1119 137 1161 aut
155 1109 279 1174 periculum
295 1125 325 1159 ex
342 1109 433 1166 insidii,
449 1118 489 1158 aut
506 1126 536 1158 ex
552 1111 677 1172 suspicione
689 1113 765 1173 prodi·

97 1177 170 1226 tionis
179 1176 302 1223 infamiam.
333 1174 403 1229 Quod
413 1183 466 1222 ante
474 1175 613 1236 prospiciens
623 1174 766 1232 Periclem

96 1242 200 1289 sutrinam
211 1241 293 1303 populo
303 1240 438 1301 praedixerat
444 1256 453 1297 ;
470 1245 499 1293 et,
517 1238 545 1285 ad
556 1239 646 1286 invidie
655 1240 764 1301 impemm

96 1306 262 1359 declinandum,
278 1320 346 1366 agros
363 1305 424 1366 ipsos
440 1303 502 1350 dono
519 1304 645 1365 reipublicae
655 1303 761 1352 dederatr

95 1378 166 1432 atque
173 1371 211 1425 ita,
222 1370 281 1417 unde
291 1368 414 1431 periculum
425 1369 545 1430 quaesitum
556 1367 636 1420 suerat,
650 1368 679 1413 ibi
689 1370 762 1415 maxi·

94 1451 156 1483 marn
168 1434 263 1497 glorians
279 1435 373 1480 invenit.
405 1432 463 1480 Post
473 1434 530 1489 haec,
547 1433 668 1495 interjectis
679 1433 764 1488 diebus,

94 1500 172 1548 navali
192 1499 272 1561 proelio
293 1499 421 1546 dimicatum
443 1505 494 1545 cst:
520 1497 574 1543 victi
595 1496 763 1545 Lacedaemonii

93 1565 212 1628 fugerunt.
251 1562 303 1610 Nec
325 1575 436 1610 cessatum
456 1555 560 1624 deinceps
582 1569 624 1616 est,
645 1563 700 1623 quin
722 1571 762 1609 aut

93 1626 156 1677 terri
166 1637 206 1676 aut
220 1629 276 1674 mari
292 1626 354 1674 vana
369 1627 500 1689 proeliorum
515 1624 607 1674 fortuni
622 1627 719 1675 invicem
736 1643 762 1675 se

92 1693 239 1742 trucidarent.
262 1691 368 1753 Denique
379 1691 432 1738 fessi
443 1699 477 1739 tot
487 1691 558 1747 maiis,
569 1706 646 1753 paoem
657 1693 761 1740 insanos

94 1758 258 1821 quinquaginta
272 1754 353 1810 scodra,
364 1771 431 1817 quam
442 1769 489 1802 non
501 1756 543 1802 nisi
554 1771 595 1803 sex
605 1758 670 1804 annis
681 1773 758 1805 serra·

92 1829 185 1872 verunt.
216 1820 278 1868 Naro
294 1820 402 1874 inducias,
420 1836 475 1882 quas
491 1820 580 1883 proprio
595 1823 688 1869 nomine
703 1838 758 1869 con·

93 1887 206 1941 ductant,
224 1900 254 1932 cx
269 1886 380 1933 sociorum
399 1884 495 1947 personia
515 1887 659 1948 rumpebant3
677 1887 760 1948 quippe

91 1950 760 2077 tiftffttttffitti„timiditati

92 2081 159 2129 irinc
169 2079 252 2126 bellurn
260 2079 283 2125 in
291 2079 387 2126 Siciliam
398 2080 531 2127 translatum
540 2097 547 2136 3
558 2078 618 2138 quod
627 2078 756 2141 priusquam

90 2159 189 2209 expono,
202 2143 231 2191 de
241 2143 325 2191 sicilia
335 2144 379 2192 situ
388 2158 460 2207 pauca
470 2143 565 2191 dicenda
574 2153 634 2190 sunt
