1800 2942
94 133 98 137 ‘
137 127 184 171 166
288 79 426 174 Jusrlul
442 121 496 171 Ina
505 121 541 171 ΙΙ.
558 120 620 172 Car.
630 126 653 172 8.

135 253 263 315 reipublicae
273 255 353 302 annuis
364 254 533 316 magistratibus
542 253 660 315 permissa.
691 251 738 300 Sed
748 251 806 301 ciri·

133 320 175 365 tati
187 319 255 366 nullae
265 328 320 366 tunc
339 320 402 382 leges
420 326 497 366 erant:
517 320 569 379 quia
583 318 652 364 libido
668 332 749 379 regum
764 335 807 381 pro

133 383 221 446 iegibus
232 385 359 431 habebatur.
393 382 491 447 Legitur
507 384 582 444 itaque
602 382 682 440 Solon,
693 384 729 429 vir
735 384 806 445 justi·

134 449 174 496 tiae
185 450 286 511 insignis,
306 450 343 510 qui
355 449 418 496 velut
429 464 512 497 noram
523 449 638 495 civitatem
648 448 737 510 iegibus
748 464 805 495 con·

135 514 211 561 deret:
231 514 269 575 qui
280 522 344 561 tanto
359 520 537 576 temperamento
552 514 612 560 inter
629 512 718 575 plebem
738 528 805 561 sena·

134 585 228 639 tumque
239 580 294 640 egit,
307 580 378 642 (curn,
390 581 409 625 si
419 579 474 639 quid
483 594 525 640 pro
535 578 607 625 altero
618 578 697 625 ordine
707 578 805 635 tulisset,

133 643 198 690 alteri
217 644 378 705 displiciturum
395 642 520 704 videretur)
537 653 563 690 ut
577 644 605 691 ab
614 644 716 705 utrisque
726 658 804 706 parem

133 708 229 770 gratiam
240 709 344 756 traheret.
377 708 456 773 Hujus
466 709 509 756 viri
520 710 579 755 inter
594 709 667 755 multa
677 709 771 771 egregia
782 715 806 757 et

121 773 187 834 ‚illud
204 775 348 822 memorabile
365 773 416 821 fuit.
448 772 514 821 Inter
536 773 688 821 Athenienses
709 781 733 819 et
749 773 804 828 Me·

130 852 246 900 garenses
268 839 297 886 de
317 841 454 902 proprietate
482 839 604 885 SalamInae
627 839 716 895 insulae,
734 854 805 901 prope

131 918 203 965 usque
213 904 328 951 interitum
337 905 405 951 armis
415 904 545 952 dimicatum
555 903 634 951 fuerat
661 902 719 950 Post
730 904 806 951 clades

131 968 225 1026 multas,
238 969 318 1031 capital
334 984 385 1016 esse
394 970 454 1032 apud
470 969 624 1016 Athenienses
634 969 713 1031 coepit,
725 970 804 1030 siquis

130 1032 207 1094 legem
218 1034 246 1080 de
257 1033 391 1081 vindicandi
398 1032 472 1082 insula
481 1034 577 1082 tulisset.
611 1034 726 1081 Sollicitus
734 1034 806 1095 igitur

132 1096 211 1153 Solon,
228 1113 256 1145 ne
272 1106 312 1146 aut
329 1099 424 1147 tacendo
435 1114 515 1161 parurn
526 1099 654 1162 reipublicae
665 1099 803 1157 consuleret,

130 1169 171 1209 aut
182 1165 295 1212 censendo
306 1165 353 1219 sibi,
371 1166 466 1211 subitam
481 1165 617 1211 dementiam
625 1164 722 1219 simulat,
740 1164 805 1226 cujus

131 1226 199 1275 venit
215 1244 262 1276 non
281 1229 381 1277 dicturus
400 1230 469 1276 modo
484 1230 602 1291 prohibita,
618 1230 658 1276 sed
669 1237 692 1276 et
702 1228 805 1276 facturus

131 1299 186 1340 crat.
215 1293 333 1343 Deformis
340 1296 423 1350 habitu,
435 1311 499 1341 more
506 1294 644 1349 vecordium,
654 1293 678 1340 in
689 1295 805 1354 publicum

130 1358 207 1405 evolat
213 1376 221 1417 3
238 1359 343 1421 tactoque
353 1375 465 1407 concursu
473 1360 597 1415 hominum,
608 1374 654 1420 quo
662 1359 736 1421 magis
748 1374 805 1407 con·

131 1423 207 1471 silium
220 1424 376 1480 dissimularet,
388 1425 483 1472 insolitis
494 1426 535 1471 sibi
544 1425 646 1472 uersibus
657 1424 751 1471 suadere
761 1441 805 1487 po·

130 1489 185 1552 pulo
196 1492 271 1552 coepit,
283 1491 343 1551 quod
359 1491 489 1538 vetabatur:
508 1490 655 1549 omniumque
669 1489 759 1536 animos
773 1491 806 1537 ita

130 1556 197 1617 cepit,
210 1564 235 1602 ut
246 1556 359 1618 extemplo
369 1555 452 1602 bellurn
467 1554 576 1602 adversus
592 1553 745 1617 Megarenses
764 1555 805 1602 de·

130 1629 265 1730 gemeretur,
277 1621 400 1683 insulaque,
409 1620 504 1668 devictis
510 1620 619 1675 hostibus,
628 1619 805 1667 Atheniensium

149 1692 203 1732 eret.

166 1747 240 1796 VIII.
258 1748 349 1798 Interea
364 1750 520 1814 Megarenses,
533 1765 645 1799 memores
660 1750 716 1797 illati
727 1750 805 1796 Athe·

130 1813 245 1861 niensibus
258 1816 318 1869 belli,
334 1824 358 1862 et
370 1816 460 1871 deserti,
478 1831 508 1862 ne
523 1815 607 1862 frustra
624 1830 686 1861 anna
704 1816 806 1862 movisse

128 1879 266 1934 viderentur,
275 1888 389 1927 matronas
397 1882 571 1929 Atheniensium
578 1882 601 1927 in
610 1879 727 1927 Eleusinis
735 1880 806 1927 sacris

130 1952 200 1991 noctu
214 1947 349 2007 oppressuri
366 1960 435 1993 naves
452 1946 614 1994 conscendunt.
652 1943 707 1999 Qus
723 1961 749 1992 re
763 1961 805 1992 co-

129 2007 200 2071 gniti,
207 2009 254 2057 dux
261 2011 433 2059 Atheniensium
442 2010 573 2058 Pisistratus
579 2012 724 2073 juventutem
735 2010 760 2055 in
768 2011 806 2056 in·

131 2075 193 2121 cidiis
203 2075 270 2131 locat,
279 2076 348 2139 jussis
359 2076 468 2124 matronis
480 2077 546 2123 solito
557 2077 655 2122 clamore
666 2090 693 2122 ac
708 2076 805 2137 strepitu

130 2139 198 2185 etiarn
210 2141 234 2186 in
246 2155 337 2188 accessu
355 2142 460 2196 hostium,
477 2157 507 2187 ne
517 2141 644 2187 intellectos
655 2156 680 2186 se
695 2142 805 2198 sentiant,

130 2218 194 2251 sacra
209 2205 336 2253 celebrares
364 2221 513 2269 egressosque
532 2207 625 2252 navibus
650 2205 806 2267 Megarenses

128 2269 271 2331 inopInantes
285 2285 414 2334 aggressus,
436 2271 535 2327 delevit;
558 2286 584 2317 ac
602 2271 713 2333 protinus,
730 2271 805 2317 classe

129 2334 218 2397 captivis
231 2337 367 2383 intermixtis
384 2337 520 2390 mulieribus,
536 2344 561 2381 ut
577 2337 673 2397 speciem
686 2344 805 2397 captarum

128 2406 282 2446 matronarum
293 2403 426 2464 praeberent,
438 2401 537 2464 Megara
547 2401 670 2447 contendit.
698 2398 737 2446 Illi
750 2416 805 2446 curn

129 2471 154 2510 et
162 2465 253 2511 navium
264 2465 367 2519 formam,
381 2475 404 2513 et
415 2467 507 2528 petitam
518 2467 617 2529 praedam
627 2473 804 2526 cognoscerent,

128 2528 188 2574 obvii
199 2530 227 2576 ad
237 2539 328 2591 portum
336 2532 473 2592 procedunt:
493 2533 573 2592 quibus
583 2532 655 2590 caesis,
667 2529 805 2577 Pisistratus

126 2595 219 2653 paulum
243 2610 256 2640 a
278 2595 386 2657 capiendi
408 2598 463 2643 urbe
484 2596 562 2643 abfuit.
594 2594 632 2641 Ita
649 2595 806 2656 Megarenses

126 2658 173 2705 suis
191 2660 248 2707 dolis
262 2660 321 2709 hosti
340 2661 457 2709 victoriam
473 2659 563 2709 tedere
594 2661 641 2709 Sed
659 2659 803 2714 frustratus,
