1800 2942
207 217 344 275 JUSTINI
361 207 517 271 meblv.
533 222 625 273 csse
703 228 753 274 419

12 365 13 370 ’
89 355 174 404 maluit.
206 352 341 417 Ibiquoque
357 368 408 401 curn
431 341 552 402 inviolatus
568 360 635 409 esset,
654 369 696 401 nec
712 354 754 402 sli-
805 406 814 426 ἱ

89 421 172 469 mentis
182 428 266 481 egeret,
283 420 374 466 condius
390 420 464 482 primo
477 421 569 483 jejunis,
588 427 611 467 et
630 419 752 467 multorum

88 487 174 533 dierum
185 482 319 531 abstinentii
332 485 443 540 cruciatis,
459 500 514 532 mox
532 486 599 532 etiam
619 485 696 532 suibus
714 484 754 531 ob·

82 551 146 615 jecit.
179 547 260 609 Itaque
271 563 322 596 cum
334 564 380 596 non
391 551 465 597 solum
476 565 523 597 non
534 558 659 604 noceretur,
675 564 755 596 verum

86 616 154 663 etiam
165 615 310 675 quarumdam
326 615 430 661 uberibus
446 615 549 670 aleretur,
566 615 594 662 ad
610 615 714 661 ultimum
730 612 756 661 in

88 680 205 727 Oceanum
216 679 280 742 abjici
285 679 362 741 jussit.
395 678 463 735 Tum,
480 680 546 742 plane
562 678 681 726 manifesto
698 693 755 740 quo-

88 744 139 791 dem
150 744 251 802 numine,
264 744 323 790 inter
339 743 440 791 furentes
460 752 529 792 aestus
546 761 573 792 ac
591 744 755 806 reciprocantes

86 809 168 864 undas,
177 809 241 855 velut
256 822 321 864 nave,
338 824 385 856 non
395 808 467 857 fluctu
477 811 604 864 veheretur,
615 809 660 856 leni
672 807 719 855 salo
730 809 756 856 in

87 869 154 919 litore
164 873 296 936 exponitur:
316 875 441 921 necmulto
458 883 510 937 post
528 890 595 922 cerva
613 873 683 927 affuit,
703 888 755 936 qnae

87 938 156 985 ubera
166 938 259 999 parvulo
271 937 369 985 offerret.
402 937 460 986 Inde
471 939 567 1002 denique
584 939 756 986 conversatione

88 1002 182 1049 nutricis
192 1002 275 1049 eximia
290 1017 360 1064 puero
375 1003 496 1066 pemicitas
514 1004 574 1062 fuit3
591 1005 694 1065 interque
704 1018 755 1050 cer·
773 1038 776 1050 .

87 1081 170 1114 vorum
186 1081 270 1130 greges
288 1066 326 1114 diu
344 1074 434 1114 montes
453 1068 567 1129 saltusque
585 1069 645 1115 baud
663 1068 757 1116 inferior

87 1131 208 1179 velocitate
225 1132 361 1194 peragravit.
394 1132 434 1179 Ad
449 1132 589 1193 postremum
604 1133 686 1192 laqueo
701 1148 756 1196 cap·

87 1203 135 1253 tus,
150 1196 199 1258 regi
216 1196 276 1243 dono
295 1196 361 1243 datus
377 1205 419 1245 est
451 1195 520 1243 Tune
530 1203 554 1244 et
567 1197 756 1245 lineamentorum
808 1252 811 1257 r

88 1260 239 1316 similitudine,
255 1267 279 1307 et
294 1261 355 1308 notis
370 1262 477 1325 corporis,
495 1277 547 1323 quae
563 1261 646 1308 inustae
663 1262 757 1323 parvulo

87 1325 184 1380 fluerent,
206 1340 277 1388 nepos
299 1328 397 1389 agnitus.
438 1327 596 1374 Admiratione
620 1326 700 1372 deinde
721 1332 757 1374 tot

87 1403 181 1437 casuum
196 1390 397 1454 periculorumque,
415 1393 443 1437 ab
459 1392 538 1439 eodem
555 1406 672 1438 successor
691 1391 756 1454 regni

84 1454 219 1521 destinatur·
251 1453 343 1502 Nomen
354 1457 386 1502 illi
398 1457 528 1518 impositum
540 1455 651 1514 Habidis;
669 1456 716 1517 qui,
731 1462 757 1502 ut

83 1521 579 1649 mllnuilttlmltlllln
589 1519 758 1647 {italus

85 1656 165 1697 retur:
183 1649 265 1712 quippe
280 1650 397 1697 barbarum
408 1650 516 1714 populum
526 1652 615 1713 legibus
621 1650 715 1713 junxit3
733 1657 757 1698 et

81 1716 157 1763 bores
166 1715 252 1775 primus
263 1720 336 1761 aratro
347 1715 440 1770 domari,
450 1715 608 1778 frumentaque
618 1715 681 1763 sulco
692 1730 756 1776 quae·

83 1790 141 1827 rete*
152 1779 245 1837 docuit}
262 1785 286 1826 et
302 1793 331 1826 ex
347 1781 431 1842 agresti
447 1781 497 1827 cibo
513 1781 603 1828 mitiora
618 1780 687 1835 uesci,
704 1780 756 1828 odio

84 1855 166 1894 eorum
193 1857 247 1904 quae
272 1844 321 1906 ipse
342 1859 421 1907 passus
441 1844 523 1901 fuerat,
544 1846 648 1896 homines
670 1845 756 1907 coegit.

84 1907 166 1971 Hujus
182 1921 248 1955 casus
262 1908 358 1956 fabulosi
373 1910 510 1965 viderentur,
532 1911 575 1957 nisi
595 1917 618 1958 et
636 1909 756 1958 Murano·

83 1987 139 2021 rum
147 1973 277 2028 conditores
292 1971 346 2035 lupi
359 1975 445 2031 nutriti,
457 1981 482 2022 et
494 1973 570 2037 Cyrus
581 1990 622 2022 rex
633 1973 756 2022 Persarum

83 2043 144 2085 cane
159 2038 226 2085 alitus
242 2039 380 2102 proderetur.
412 2039 451 2087 Ab
466 2041 510 2088 boc
526 2046 550 2086 et
565 2039 689 2086 ministeria
708 2055 756 2096 serf

82 2102 143 2158 vilia
151 2103 234 2214 pupplo
244 2104 369 2162 interdicta,
381 2112 405 2151 et
415 2106 478 2167 plebs
494 2107 517 2151 in
536 2112 622 2166 septem
637 2103 703 2150 urbes
721 2103 756 2150 di·

82 2168 144 2216 uisa.
210 2175 275 2216 onuo
295 2167 392 2225 Hubide,
411 2184 508 2232 regnum
525 2168 655 2232 permulta
672 2167 757 2216 saecula

81 2239 99 2280 a
119 2234 289 2298 successoribus
306 2235 354 2296 ejus
374 2242 486 2282 retentum
506 2242 549 2283 est.
582 2232 611 2280 In
630 2231 674 2281 ulid
692 2240 757 2297 purte

82 2296 216 2359 Hispaniae,
228 2305 314 2361 atquae
325 2313 354 2346 ex
369 2300 449 2347 insulis
465 2304 562 2353 constat,
579 2314 675 2360 regnum
686 2314 757 2362 penca

82 2362 214 2422 Geryonen
223 2362 286 2411 fult·
307 2361 336 2410 In
347 2365 389 2412 bac
399 2372 464 2412 tanta
476 2364 551 2426 pabuli
568 2363 648 2412 laetitia
662 2374 704 2418 est,
722 2372 757 2420 ut,

79 2426 130 2475 nisi
141 2426 275 2475 abstinentid
285 2429 512 2492 interpellatassgina
519 2428 593 2486 luerit,
604 2443 686 2492 mora
693 2444 756 2477 rum-

76 2498 174 2555 pantur.
207 2490 483 2556 Indedeniquearrnenta
494 2494 611 2556 Geryonis
629 2495 692 2559 (quae
710 2492 755 2541 illis

75 2556 223 2617 temporibus
233 2557 288 2606 solae
299 2574 354 2622 opes
363 2557 512 2621 habebantur)
523 2566 594 2607 tantae
604 2558 672 2607 famae
681 2556 754 2617 fuere,

75 2628 108 2672 ut
120 2618 248 2669 Herculem
259 2638 289 2670 ex
299 2621 357 2671 Aria
371 2625 458 2686 prredae
467 2624 623 2686 magnitudine
633 2624 756 2673 illexerint.

75 2686 159 2735 Porro
166 2686 290 2749 Geryonen
299 2689 373 2751 ipsum
380 2704 426 2737 non
435 2690 628 2753 triplicisnaturae,
637 2695 663 2738 ut
673 2688 755 2736 fabula

73 2751 192 2816 proditur,
204 2753 273 2804 fuisse
281 2753 366 2814 icrunt,
378 2756 417 2805 sed
426 2764 474 2804 tres
484 2754 566 2806 fratres
577 2761 649 2803 tantae
657 2769 754 2803 concor·
