<?xml version="1.0" encoding="UTF-8"?>
<!DOCTYPE html PUBLIC "-//W3C//DTD XHTML 1.0 Transitional//EN"
    "http://www.w3.org/TR/xhtml1/DTD/xhtml1-transitional.dtd">
<html xmlns="http://www.w3.org/1999/xhtml" xml:lang="en" lang="en">
 <head>
  <title>
</title>
<meta http-equiv="Content-Type" content="text/html;charset=utf-8" />
  <meta name='ocr-system' content='tesseract 3.04.00' />
  <meta name='ocr-capabilities' content='ocr_page ocr_carea ocr_par ocr_line ocrx_word'/>
</head>
<body>
  <div class='ocr_page' id='page_1' title='image "./quaeintegrasupe00grongoog_0341.png"; bbox 0 0 1800 2942; ppageno 0'>
   <div class='ocr_carea' id='block_1_1' title="bbox 223 148 760 211">
    <p class='ocr_par' dir='ltr' id='par_1_1' title="bbox 223 148 760 211">
     <span class='ocr_line' id='line_1_1' title="bbox 223 148 760 211; baseline 0.011 -12"><span class='ocrx_word' id='word_1_1' title='bbox 223 148 362 201; x_wconf 81' lang='lat' dir='ltr'>JUSTINI</span> <span class='ocrx_word' id='word_1_2' title='bbox 377 152 430 203; x_wconf 85' lang='lat' dir='ltr'><strong>Lm.</strong></span> <span class='ocrx_word' id='word_1_3' title='bbox 442 153 514 204; x_wconf 80' lang='lat' dir='ltr'><strong>XIV.</strong></span> <span class='ocrx_word' id='word_1_4' title='bbox 526 154 588 211; x_wconf 62' lang='lat' dir='ltr'><strong>Car,</strong></span> <span class='ocrx_word' id='word_1_5' title='bbox 594 161 618 204; x_wconf 89' lang='grc'><strong>6.</strong></span> <span class='ocrx_word' id='word_1_6' title='bbox 708 158 760 211; x_wconf 70' lang='lat'><strong>261</strong></span> 
     </span>
    </p>
   </div>
   <div class='ocr_carea' id='block_1_2' title="bbox 90 247 759 671">
    <p class='ocr_par' dir='ltr' id='par_1_2' title="bbox 90 247 759 671">
     <span class='ocr_line' id='line_1_2' title="bbox 92 247 759 342; baseline 0.01 -17"><span class='ocrx_word' id='word_1_7' title='bbox 92 285 131 325; x_wconf 88' lang='lat' dir='ltr'><strong>tur</strong></span> <span class='ocrx_word' id='word_1_8' title='bbox 140 276 273 342; x_wconf 75' lang='lat' dir='ltr'><strong>Antigonus</strong></span> <span class='ocrx_word' id='word_1_9' title='bbox 286 282 408 331; x_wconf 85' lang='lat' dir='ltr'><strong>domitores</strong></span> <span class='ocrx_word' id='word_1_10' title='bbox 417 285 469 333; x_wconf 91' lang='lat' dir='ltr'><strong>illos</strong></span> <span class='ocrx_word' id='word_1_11' title='bbox 482 287 542 334; x_wconf 82' lang='lat' dir='ltr'><strong>orbbr</strong></span> <span class='ocrx_word' id='word_1_12' title='bbox 549 284 659 333; x_wconf 82' lang='lat' dir='ltr'><strong>exercitui</strong></span> <span class='ocrx_word' id='word_1_13' title='bbox 670 299 711 333; x_wconf 83' lang='lat' dir='ltr'><strong>suo</strong></span> <span class='ocrx_word' id='word_1_14' title='bbox 721 247 759 331; x_wconf 84' lang='lat' dir='ltr'><strong>di·</strong></span> 
     </span>
     <span class='ocr_line' id='line_1_3' title="bbox 91 342 757 414; baseline 0.011 -24"><span class='ocrx_word' id='word_1_15' title='bbox 91 342 158 400; x_wconf 82' lang='lat' dir='ltr'><strong>vidit,</strong></span> <span class='ocrx_word' id='word_1_16' title='bbox 179 345 270 393; x_wconf 77' lang='lat' dir='ltr'><strong>redditis</strong></span> <span class='ocrx_word' id='word_1_17' title='bbox 285 362 336 408; x_wconf 85' lang='lat' dir='ltr'><strong>quae</strong></span> <span class='ocrx_word' id='word_1_18' title='bbox 351 348 374 394; x_wconf 91' lang='lat' dir='ltr'><strong>in</strong></span> <span class='ocrx_word' id='word_1_19' title='bbox 390 348 485 397; x_wconf 70' lang='lat' dir='ltr'><strong>victorici</strong></span> <span class='ocrx_word' id='word_1_20' title='bbox 499 357 595 414; x_wconf 78' lang='lat' dir='ltr'><strong>ceperat.</strong></span> <span class='ocrx_word' id='word_1_21' title='bbox 635 349 757 398; x_wconf 80' lang='lat' dir='ltr'><strong>Eumenen</strong></span> 
     </span>
     <span class='ocr_line' id='line_1_4' title="bbox 91 409 757 476; baseline 0.011 -22"><span class='ocrx_word' id='word_1_22' title='bbox 91 423 157 473; x_wconf 67' lang='lat' dir='ltr'><strong>uero,</strong></span> <span class='ocrx_word' id='word_1_23' title='bbox 177 409 312 457; x_wconf 77' lang='lat' dir='ltr'><strong>verecundid</strong></span> <span class='ocrx_word' id='word_1_24' title='bbox 332 413 412 474; x_wconf 86' lang='lat' dir='ltr'><strong>prioris</strong></span> <span class='ocrx_word' id='word_1_25' title='bbox 432 416 546 474; x_wconf 81' lang='lat' dir='ltr'><strong>amicitiae,</strong></span> <span class='ocrx_word' id='word_1_26' title='bbox 568 417 592 463; x_wconf 87' lang='lat' dir='ltr'><strong>in</strong></span> <span class='ocrx_word' id='word_1_27' title='bbox 610 420 757 476; x_wconf 79' lang='lat' dir='ltr'><strong>conspectum</strong></span> 
     </span>
     <span class='ocr_line' id='line_1_5' title="bbox 92 476 757 549; baseline 0.011 -30"><span class='ocrx_word' id='word_1_28' title='bbox 92 487 161 549; x_wconf 79' lang='lat' dir='ltr'><strong>suum</strong></span> <span class='ocrx_word' id='word_1_29' title='bbox 176 476 254 523; x_wconf 85' lang='lat' dir='ltr'><strong>venire</strong></span> <span class='ocrx_word' id='word_1_30' title='bbox 268 477 411 539; x_wconf 86' lang='lat' dir='ltr'><strong>prohibitum,</strong></span> <span class='ocrx_word' id='word_1_31' title='bbox 427 480 539 543; x_wconf 80' lang='lat' dir='ltr'><strong>maignari</strong></span> <span class='ocrx_word' id='word_1_32' title='bbox 554 481 683 529; x_wconf 74' lang='lat' dir='ltr'><strong>custodibus</strong></span> <span class='ocrx_word' id='word_1_33' title='bbox 698 493 757 540; x_wconf 74' lang='lat' dir='ltr'><strong>prm-</strong></span> 
     </span>
     <span class='ocr_line' id='line_1_6' title="bbox 90 545 758 671; baseline 0.004 -21"><span class='ocrx_word' id='word_1_34' title='bbox 90 545 160 651; x_wconf 58' lang='lat' dir='ltr'><strong>oeplld:</strong></span> <span class='ocrx_word' id='word_1_35' title='bbox 177 601 269 652; x_wconf 81' lang='lat' dir='ltr'><strong>Interea</strong></span> <span class='ocrx_word' id='word_1_36' title='bbox 280 605 401 667; x_wconf 78' lang='lat' dir='ltr'><strong>Eurydice,</strong></span> <span class='ocrx_word' id='word_1_37' title='bbox 410 623 468 657; x_wconf 86' lang='lat' dir='ltr'><strong>uxor</strong></span> <span class='ocrx_word' id='word_1_38' title='bbox 476 609 561 659; x_wconf 80' lang='lat' dir='ltr'><strong>Aridaei</strong></span> <span class='ocrx_word' id='word_1_39' title='bbox 573 610 641 671; x_wconf 81' lang='lat' dir='ltr'><strong>regis,</strong></span> <span class='ocrx_word' id='word_1_40' title='bbox 653 606 758 667; x_wconf 79' lang='lat' dir='ltr'><strong>utPnly·</strong></span> 
     </span>
    </p>
   </div>
   <div class='ocr_carea' id='block_1_3' title="bbox 92 669 818 2740">
    <p class='ocr_par' dir='ltr' id='par_1_3' title="bbox 92 669 818 2357">
     <span class='ocr_line' id='line_1_7' title="bbox 93 669 758 735; baseline 0.008 -21"><span class='ocrx_word' id='word_1_41' title='bbox 93 669 228 730; x_wconf 84' lang='lat' dir='ltr'><strong>sperchonta</strong></span> <span class='ocrx_word' id='word_1_42' title='bbox 235 685 249 716; x_wconf 90' lang='lat' dir='ltr'><strong>a</strong></span> <span class='ocrx_word' id='word_1_43' title='bbox 256 669 348 718; x_wconf 75' lang='lat' dir='ltr'><strong>Graecid</strong></span> <span class='ocrx_word' id='word_1_44' title='bbox 355 672 427 719; x_wconf 87' lang='lat' dir='ltr'><strong>redire</strong></span> <span class='ocrx_word' id='word_1_45' title='bbox 437 676 462 720; x_wconf 93' lang='lat' dir='ltr'><strong>in</strong></span> <span class='ocrx_word' id='word_1_46' title='bbox 473 674 632 722; x_wconf 83' lang='lat' dir='ltr'><strong>Macedoniam</strong></span> <span class='ocrx_word' id='word_1_47' title='bbox 642 673 758 735; x_wconf 79' lang='lat' dir='ltr'><strong>cognovit,</strong></span> 
     </span>
     <span class='ocr_line' id='line_1_8' title="bbox 92 733 763 798; baseline 0.009 -19"><span class='ocrx_word' id='word_1_48' title='bbox 92 741 119 779; x_wconf 88' lang='lat' dir='ltr'><strong>et</strong></span> <span class='ocrx_word' id='word_1_49' title='bbox 129 733 157 779; x_wconf 89' lang='lat' dir='ltr'><strong>ab</strong></span> <span class='ocrx_word' id='word_1_50' title='bbox 167 749 198 787; x_wconf 59' lang='lat' dir='ltr'><strong>eo,</strong></span> <span class='ocrx_word' id='word_1_51' title='bbox 205 736 333 782; x_wconf 78' lang='lat' dir='ltr'><strong>arcessitam</strong></span> <span class='ocrx_word' id='word_1_52' title='bbox 342 734 493 798; x_wconf 73' lang='lat' dir='ltr'><strong>Olympiado3</strong></span> <span class='ocrx_word' id='word_1_53' title='bbox 504 739 605 786; x_wconf 82' lang='lat' dir='ltr'><strong>muliebri</strong></span> <span class='ocrx_word' id='word_1_54' title='bbox 616 738 763 791; x_wconf 65' lang='lat' dir='ltr'><strong>aemulscioos,</strong></span> 
     </span>
     <span class='ocr_line' id='line_1_9' title="bbox 92 798 759 866; baseline 0.007 -23"><span class='ocrx_word' id='word_1_55' title='bbox 92 798 204 861; x_wconf 84' lang='lat' dir='ltr'><strong>perculsa,</strong></span> <span class='ocrx_word' id='word_1_56' title='bbox 219 800 314 847; x_wconf 81' lang='lat' dir='ltr'><strong>abutens</strong></span> <span class='ocrx_word' id='word_1_57' title='bbox 329 801 457 850; x_wconf 85' lang='lat' dir='ltr'><strong>valetudiue</strong></span> <span class='ocrx_word' id='word_1_58' title='bbox 475 803 525 858; x_wconf 88' lang='lat' dir='ltr'><strong>viri,</strong></span> <span class='ocrx_word' id='word_1_59' title='bbox 543 805 606 866; x_wconf 66' lang='lat' dir='ltr'><strong>crpus</strong></span> <span class='ocrx_word' id='word_1_60' title='bbox 625 803 699 850; x_wconf 88' lang='lat' dir='ltr'><strong>officia</strong></span> <span class='ocrx_word' id='word_1_61' title='bbox 717 802 759 849; x_wconf 89' lang='lat' dir='ltr'><strong>sibi</strong></span> 
     </span>
     <span class='ocr_line' id='line_1_10' title="bbox 92 863 760 930; baseline 0.007 -20"><span class='ocrx_word' id='word_1_62' title='bbox 92 863 227 917; x_wconf 73' lang='lat' dir='ltr'><strong>vindicabat,</strong></span> <span class='ocrx_word' id='word_1_63' title='bbox 240 866 315 912; x_wconf 75' lang='lat' dir='ltr'><strong>scribit</strong></span> <span class='ocrx_word' id='word_1_64' title='bbox 324 866 385 928; x_wconf 77' lang='lat' dir='ltr'><strong>regis</strong></span> <span class='ocrx_word' id='word_1_65' title='bbox 395 868 487 914; x_wconf 89' lang='lat' dir='ltr'><strong>nomine</strong></span> <span class='ocrx_word' id='word_1_66' title='bbox 496 867 690 930; x_wconf 85' lang='lat' dir='ltr'><strong>Polysperchonti,</strong></span> <span class='ocrx_word' id='word_1_67' title='bbox 700 864 760 917; x_wconf 82' lang='lat' dir='ltr'><strong>css-</strong></span> 
     </span>
     <span class='ocr_line' id='line_1_11' title="bbox 94 928 761 996; baseline 0.006 -22"><span class='ocrx_word' id='word_1_68' title='bbox 94 928 178 975; x_wconf 84' lang='lat' dir='ltr'><strong>aandro</strong></span> <span class='ocrx_word' id='word_1_69' title='bbox 186 930 308 976; x_wconf 80' lang='lat' dir='ltr'><strong>exercitum</strong></span> <span class='ocrx_word' id='word_1_70' title='bbox 316 931 396 986; x_wconf 77' lang='lat' dir='ltr'><strong>tradm,</strong></span> <span class='ocrx_word' id='word_1_71' title='bbox 406 933 430 978; x_wconf 90' lang='lat' dir='ltr'><strong>in</strong></span> <span class='ocrx_word' id='word_1_72' title='bbox 438 948 506 993; x_wconf 86' lang='lat' dir='ltr'><strong>quem</strong></span> <span class='ocrx_word' id='word_1_73' title='bbox 514 935 579 996; x_wconf 80' lang='lat' dir='ltr'><strong>regni</strong></span> <span class='ocrx_word' id='word_1_74' title='bbox 585 931 761 980; x_wconf 53' lang='lat' dir='ltr'><strong>administratio*</strong></span> 
     </span>
     <span class='ocr_line' id='line_1_12' title="bbox 95 994 764 1058; baseline 0.006 -19"><span class='ocrx_word' id='word_1_75' title='bbox 95 1008 149 1039; x_wconf 90' lang='lat' dir='ltr'><strong>nem</strong></span> <span class='ocrx_word' id='word_1_76' title='bbox 161 1008 201 1040; x_wconf 83' lang='lat' dir='ltr'><strong>rex</strong></span> <span class='ocrx_word' id='word_1_77' title='bbox 212 994 363 1043; x_wconf 81' lang='lat' dir='ltr'><strong>transtulerit:</strong></span> <span class='ocrx_word' id='word_1_78' title='bbox 382 997 460 1043; x_wconf 87' lang='lat' dir='ltr'><strong>eudem</strong></span> <span class='ocrx_word' id='word_1_79' title='bbox 474 1006 498 1046; x_wconf 94' lang='lat' dir='ltr'><strong>et</strong></span> <span class='ocrx_word' id='word_1_80' title='bbox 513 999 536 1044; x_wconf 94' lang='lat' dir='ltr'><strong>in</strong></span> <span class='ocrx_word' id='word_1_81' title='bbox 548 999 629 1046; x_wconf 88' lang='lat' dir='ltr'><strong>Asiam</strong></span> <span class='ocrx_word' id='word_1_82' title='bbox 639 998 764 1058; x_wconf 78' lang='lat' dir='ltr'><strong>Antigono</strong></span> 
     </span>
     <span class='ocr_line' id='line_1_13' title="bbox 93 1059 759 1121; baseline 0.008 -18"><span class='ocrx_word' id='word_1_83' title='bbox 93 1073 136 1121; x_wconf 84' lang='lat' dir='ltr'><strong>per</strong></span> <span class='ocrx_word' id='word_1_84' title='bbox 146 1059 252 1120; x_wconf 87' lang='lat' dir='ltr'><strong>epistolas</strong></span> <span class='ocrx_word' id='word_1_85' title='bbox 261 1061 358 1107; x_wconf 84' lang='lat' dir='ltr'><strong>nuntiat.</strong></span> <span class='ocrx_word' id='word_1_86' title='bbox 388 1061 442 1115; x_wconf 82' lang='lat' dir='ltr'><strong>Quo</strong></span> <span class='ocrx_word' id='word_1_87' title='bbox 451 1063 560 1111; x_wconf 87' lang='lat' dir='ltr'><strong>beneficio</strong></span> <span class='ocrx_word' id='word_1_88' title='bbox 571 1064 689 1110; x_wconf 79' lang='lat' dir='ltr'><strong>devinctus</strong></span> <span class='ocrx_word' id='word_1_89' title='bbox 700 1059 759 1112; x_wconf 86' lang='lat' dir='ltr'><strong>Cas·</strong></span> 
     </span>
     <span class='ocr_line' id='line_1_14' title="bbox 96 1124 760 1188; baseline 0.009 -19"><span class='ocrx_word' id='word_1_90' title='bbox 96 1124 184 1177; x_wconf 81' lang='lat' dir='ltr'><strong>sunder,</strong></span> <span class='ocrx_word' id='word_1_91' title='bbox 196 1124 251 1170; x_wconf 91' lang='lat' dir='ltr'><strong>nihil</strong></span> <span class='ocrx_word' id='word_1_92' title='bbox 262 1140 307 1171; x_wconf 90' lang='lat' dir='ltr'><strong>non</strong></span> <span class='ocrx_word' id='word_1_93' title='bbox 320 1139 350 1172; x_wconf 86' lang='lat' dir='ltr'><strong>ex</strong></span> <span class='ocrx_word' id='word_1_94' title='bbox 357 1126 448 1173; x_wconf 86' lang='lat' dir='ltr'><strong>arbitrio</strong></span> <span class='ocrx_word' id='word_1_95' title='bbox 459 1127 573 1175; x_wconf 82' lang='lat' dir='ltr'><strong>muliebria</strong></span> <span class='ocrx_word' id='word_1_96' title='bbox 582 1128 682 1175; x_wconf 85' lang='lat' dir='ltr'><strong>audaciae</strong></span> <span class='ocrx_word' id='word_1_97' title='bbox 692 1127 760 1188; x_wconf 77' lang='lat' dir='ltr'><strong>gerit.</strong></span> 
     </span>
     <span class='ocr_line' id='line_1_15' title="bbox 95 1186 764 1250; baseline 0.007 -15"><span class='ocrx_word' id='word_1_98' title='bbox 95 1186 190 1235; x_wconf 87' lang='lat' dir='ltr'><strong>Deinde</strong></span> <span class='ocrx_word' id='word_1_99' title='bbox 211 1188 324 1250; x_wconf 86' lang='lat' dir='ltr'><strong>profectus</strong></span> <span class='ocrx_word' id='word_1_100' title='bbox 345 1191 370 1236; x_wconf 87' lang='lat' dir='ltr'><strong>in</strong></span> <span class='ocrx_word' id='word_1_101' title='bbox 392 1191 513 1247; x_wconf 77' lang='lat' dir='ltr'><strong>Graeciam,</strong></span> <span class='ocrx_word' id='word_1_102' title='bbox 534 1192 612 1237; x_wconf 87' lang='lat' dir='ltr'><strong>multis</strong></span> <span class='ocrx_word' id='word_1_103' title='bbox 633 1191 764 1239; x_wconf 77' lang='lat' dir='ltr'><strong>civitatibus</strong></span> 
     </span>
     <span class='ocr_line' id='line_1_16' title="bbox 94 1251 762 1315; baseline 0.004 -15"><span class='ocrx_word' id='word_1_104' title='bbox 94 1251 180 1300; x_wconf 87' lang='lat' dir='ltr'><strong>bellum</strong></span> <span class='ocrx_word' id='word_1_105' title='bbox 190 1253 270 1300; x_wconf 80' lang='lat' dir='ltr'><strong>insert:</strong></span> <span class='ocrx_word' id='word_1_106' title='bbox 292 1269 386 1315; x_wconf 88' lang='lat' dir='ltr'><strong>quarum</strong></span> <span class='ocrx_word' id='word_1_107' title='bbox 394 1256 500 1311; x_wconf 80' lang='lat' dir='ltr'><strong>exscidia,</strong></span> <span class='ocrx_word' id='word_1_108' title='bbox 518 1255 588 1304; x_wconf 82' lang='lat' dir='ltr'><strong>veluti</strong></span> <span class='ocrx_word' id='word_1_109' title='bbox 598 1256 762 1305; x_wconf 67' lang='lat' dir='ltr'><strong>nanciacum</strong></span> 
     </span>
     <span class='ocr_line' id='line_1_17' title="bbox 96 1317 766 1383; baseline 0.001 -19"><span class='ocrx_word' id='word_1_110' title='bbox 96 1317 142 1373; x_wconf 86' lang='lat' dir='ltr'><strong>dio,</strong></span> <span class='ocrx_word' id='word_1_111' title='bbox 154 1319 231 1374; x_wconf 86' lang='lat' dir='ltr'><strong>territi,</strong></span> <span class='ocrx_word' id='word_1_112' title='bbox 244 1319 347 1380; x_wconf 86' lang='lat' dir='ltr'><strong>Spartani</strong></span> <span class='ocrx_word' id='word_1_113' title='bbox 358 1321 442 1376; x_wconf 84' lang='lat' dir='ltr'><strong>urbem,</strong></span> <span class='ocrx_word' id='word_1_114' title='bbox 453 1335 520 1382; x_wconf 88' lang='lat' dir='ltr'><strong>quam</strong></span> <span class='ocrx_word' id='word_1_115' title='bbox 528 1335 616 1383; x_wconf 79' lang='lat' dir='ltr'><strong>semper</strong></span> <span class='ocrx_word' id='word_1_116' title='bbox 626 1320 704 1377; x_wconf 82' lang='lat' dir='ltr'><strong>armis,</strong></span> <span class='ocrx_word' id='word_1_117' title='bbox 714 1334 766 1371; x_wconf 78' lang='lat' dir='ltr'><strong>nnn</strong></span> 
     </span>
     <span class='ocr_line' id='line_1_18' title="bbox 94 1383 765 1448; baseline 0.004 -18"><span class='ocrx_word' id='word_1_118' title='bbox 94 1383 168 1430; x_wconf 86' lang='lat' dir='ltr'><strong>muris</strong></span> <span class='ocrx_word' id='word_1_119' title='bbox 178 1383 329 1442; x_wconf 75' lang='lat' dir='ltr'><strong>defenderant,</strong></span> <span class='ocrx_word' id='word_1_120' title='bbox 339 1393 395 1440; x_wconf 88' lang='lat' dir='ltr'><strong>tum,</strong></span> <span class='ocrx_word' id='word_1_121' title='bbox 412 1387 502 1448; x_wconf 86' lang='lat' dir='ltr'><strong>(contra</strong></span> <span class='ocrx_word' id='word_1_122' title='bbox 511 1399 619 1448; x_wconf 85' lang='lat' dir='ltr'><strong>responsa</strong></span> <span class='ocrx_word' id='word_1_123' title='bbox 627 1385 727 1433; x_wconf 81' lang='lat' dir='ltr'><strong>fatorum</strong></span> <span class='ocrx_word' id='word_1_124' title='bbox 737 1391 765 1433; x_wconf 79' lang='lat' dir='ltr'><strong>er</strong></span> 
     </span>
     <span class='ocr_line' id='line_1_19' title="bbox 94 1449 765 1513; baseline 0.004 -17"><span class='ocrx_word' id='word_1_125' title='bbox 94 1454 197 1496; x_wconf 80' lang='lat' dir='ltr'><strong>ueterem</strong></span> <span class='ocrx_word' id='word_1_126' title='bbox 215 1449 324 1511; x_wconf 88' lang='lat' dir='ltr'><strong>majorum</strong></span> <span class='ocrx_word' id='word_1_127' title='bbox 340 1449 448 1513; x_wconf 80' lang='lat' dir='ltr'><strong>gloriam)</strong></span> <span class='ocrx_word' id='word_1_128' title='bbox 471 1452 539 1498; x_wconf 85' lang='lat' dir='ltr'><strong>arinis</strong></span> <span class='ocrx_word' id='word_1_129' title='bbox 557 1451 630 1503; x_wconf 74' lang='lat' dir='ltr'><strong>diffisi,</strong></span> <span class='ocrx_word' id='word_1_130' title='bbox 645 1463 765 1499; x_wconf 70' lang='lat' dir='ltr'><strong>murorum</strong></span> 
     </span>
     <span class='ocr_line' id='line_1_20' title="bbox 94 1513 765 1576; baseline 0.01 -18"><span class='ocrx_word' id='word_1_131' title='bbox 94 1513 202 1576; x_wconf 85' lang='lat' dir='ltr'><strong>praesidio</strong></span> <span class='ocrx_word' id='word_1_132' title='bbox 221 1514 345 1562; x_wconf 78' lang='lat' dir='ltr'><strong>includunt</strong></span> <span class='ocrx_word' id='word_1_133' title='bbox 377 1513 478 1562; x_wconf 88' lang='lat' dir='ltr'><strong>Tantum</strong></span> <span class='ocrx_word' id='word_1_134' title='bbox 499 1531 539 1563; x_wconf 87' lang='lat' dir='ltr'><strong>eos</strong></span> <span class='ocrx_word' id='word_1_135' title='bbox 560 1514 732 1576; x_wconf 83' lang='lat' dir='ltr'><strong>degeneravisse</strong></span> <span class='ocrx_word' id='word_1_136' title='bbox 747 1527 765 1565; x_wconf 77' lang='lat' dir='ltr'><strong>a</strong></span> 
     </span>
     <span class='ocr_line' id='line_1_21' title="bbox 95 1578 764 1639; baseline 0.001 -16"><span class='ocrx_word' id='word_1_137' title='bbox 95 1578 223 1639; x_wconf 83' lang='lat' dir='ltr'><strong>majoribus,</strong></span> <span class='ocrx_word' id='word_1_138' title='bbox 236 1587 267 1632; x_wconf 89' lang='lat' dir='ltr'><strong>nt,</strong></span> <span class='ocrx_word' id='word_1_139' title='bbox 280 1595 331 1626; x_wconf 88' lang='lat' dir='ltr'><strong>curn</strong></span> <span class='ocrx_word' id='word_1_140' title='bbox 342 1580 419 1627; x_wconf 89' lang='lat' dir='ltr'><strong>multis</strong></span> <span class='ocrx_word' id='word_1_141' title='bbox 429 1581 519 1628; x_wconf 80' lang='lat' dir='ltr'><strong>saeculis</strong></span> <span class='ocrx_word' id='word_1_142' title='bbox 529 1596 607 1628; x_wconf 84' lang='lat' dir='ltr'><strong>murus</strong></span> <span class='ocrx_word' id='word_1_143' title='bbox 618 1580 667 1627; x_wconf 88' lang='lat' dir='ltr'><strong>urbi</strong></span> <span class='ocrx_word' id='word_1_144' title='bbox 678 1579 764 1625; x_wconf 85' lang='lat' dir='ltr'><strong>civium</strong></span> 
     </span>
     <span class='ocr_line' id='line_1_22' title="bbox 94 1641 818 1698; baseline 0.008 -8"><span class='ocrx_word' id='word_1_145' title='bbox 94 1641 251 1698; x_wconf 83' lang='lat' dir='ltr'><strong>virtusiuerit,</strong></span> <span class='ocrx_word' id='word_1_146' title='bbox 262 1653 316 1691; x_wconf 87' lang='lat' dir='ltr'><strong>tunc</strong></span> <span class='ocrx_word' id='word_1_147' title='bbox 325 1645 386 1692; x_wconf 87' lang='lat' dir='ltr'><strong>cives</strong></span> <span class='ocrx_word' id='word_1_148' title='bbox 394 1645 469 1693; x_wconf 85' lang='lat' dir='ltr'><strong>salvos</strong></span> <span class='ocrx_word' id='word_1_149' title='bbox 477 1644 557 1692; x_wconf 81' lang='lat' dir='ltr'><strong>selore</strong></span> <span class='ocrx_word' id='word_1_150' title='bbox 565 1644 763 1695; x_wconf 71' lang='lat' dir='ltr'><strong>ascensumve«.</strong></span> <span class='ocrx_word' id='word_1_151' title='bbox 816 1678 818 1683; x_wconf 68' lang='lat'><strong>,</strong></span> 
     </span>
     <span class='ocr_line' id='line_1_23' title="bbox 96 1708 763 1772; baseline 0.001 -18"><span class='ocrx_word' id='word_1_152' title='bbox 96 1708 149 1762; x_wconf 88' lang='lat' dir='ltr'><strong>rint,</strong></span> <span class='ocrx_word' id='word_1_153' title='bbox 161 1708 205 1754; x_wconf 87' lang='lat' dir='ltr'><strong>nisi</strong></span> <span class='ocrx_word' id='word_1_154' title='bbox 214 1709 274 1755; x_wconf 86' lang='lat' dir='ltr'><strong>intra</strong></span> <span class='ocrx_word' id='word_1_155' title='bbox 284 1725 361 1756; x_wconf 90' lang='lat' dir='ltr'><strong>muros</strong></span> <span class='ocrx_word' id='word_1_156' title='bbox 373 1710 483 1758; x_wconf 89' lang='lat' dir='ltr'><strong>laterent!</strong></span> <span class='ocrx_word' id='word_1_157' title='bbox 517 1709 582 1758; x_wconf 88' lang='lat' dir='ltr'><strong>Dum</strong></span> <span class='ocrx_word' id='word_1_158' title='bbox 596 1711 646 1758; x_wconf 83' lang='lat' dir='ltr'><strong>haeo</strong></span> <span class='ocrx_word' id='word_1_159' title='bbox 656 1715 763 1772; x_wconf 78' lang='lat' dir='ltr'><strong>aguntur,</strong></span> 
     </span>
     <span class='ocr_line' id='line_1_24' title="bbox 97 1770 765 1824; baseline 0 -3"><span class='ocrx_word' id='word_1_160' title='bbox 97 1770 251 1821; x_wconf 82' lang='lat' dir='ltr'><strong>Cassandrum</strong></span> <span class='ocrx_word' id='word_1_161' title='bbox 267 1790 281 1820; x_wconf 90' lang='lat' dir='ltr'><strong>a</strong></span> <span class='ocrx_word' id='word_1_162' title='bbox 302 1773 394 1822; x_wconf 81' lang='lat' dir='ltr'><strong>Graecid</strong></span> <span class='ocrx_word' id='word_1_163' title='bbox 410 1777 511 1823; x_wconf 88' lang='lat' dir='ltr'><strong>turbatus</strong></span> <span class='ocrx_word' id='word_1_164' title='bbox 531 1775 675 1824; x_wconf 73' lang='lat' dir='ltr'><strong>Macedoniae</strong></span> <span class='ocrx_word' id='word_1_165' title='bbox 690 1781 765 1823; x_wconf 82' lang='lat' dir='ltr'><strong>status</strong></span> 
     </span>
     <span class='ocr_line' id='line_1_25' title="bbox 96 1837 765 1904; baseline 0.003 -19"><span class='ocrx_word' id='word_1_166' title='bbox 96 1838 191 1885; x_wconf 90' lang='lat' dir='ltr'><strong>domurn</strong></span> <span class='ocrx_word' id='word_1_167' title='bbox 202 1839 323 1886; x_wconf 85' lang='lat' dir='ltr'><strong>revocavit.</strong></span> <span class='ocrx_word' id='word_1_168' title='bbox 355 1837 461 1900; x_wconf 89' lang='lat' dir='ltr'><strong>Namque</strong></span> <span class='ocrx_word' id='word_1_169' title='bbox 472 1840 597 1904; x_wconf 83' lang='lat' dir='ltr'><strong>Olympias,</strong></span> <span class='ocrx_word' id='word_1_170' title='bbox 608 1847 680 1888; x_wconf 89' lang='lat' dir='ltr'><strong>mater</strong></span> <span class='ocrx_word' id='word_1_171' title='bbox 690 1839 765 1887; x_wconf 79' lang='lat' dir='ltr'><strong>Alex-</strong></span> 
     </span>
     <span class='ocr_line' id='line_1_26' title="bbox 98 1902 764 1968; baseline 0.006 -18"><span class='ocrx_word' id='word_1_172' title='bbox 98 1903 162 1950; x_wconf 87' lang='lat' dir='ltr'><strong>andri</strong></span> <span class='ocrx_word' id='word_1_173' title='bbox 175 1902 257 1965; x_wconf 82' lang='lat' dir='ltr'><strong>Magni</strong></span> <span class='ocrx_word' id='word_1_174' title='bbox 267 1906 334 1966; x_wconf 85' lang='lat' dir='ltr'><strong>regis,</strong></span> <span class='ocrx_word' id='word_1_175' title='bbox 353 1920 405 1951; x_wconf 88' lang='lat' dir='ltr'><strong>cnm</strong></span> <span class='ocrx_word' id='word_1_176' title='bbox 416 1905 488 1968; x_wconf 87' lang='lat' dir='ltr'><strong>Epiro</strong></span> <span class='ocrx_word' id='word_1_177' title='bbox 496 1908 519 1954; x_wconf 87' lang='lat' dir='ltr'><strong>in</strong></span> <span class='ocrx_word' id='word_1_178' title='bbox 531 1907 697 1959; x_wconf 85' lang='lat' dir='ltr'><strong>Macedoniam,</strong></span> <span class='ocrx_word' id='word_1_179' title='bbox 711 1918 764 1965; x_wconf 62' lang='lat' dir='ltr'><strong>pros</strong></span> 
     </span>
     <span class='ocr_line' id='line_1_27' title="bbox 99 1966 766 2031; baseline 0.003 -19"><span class='ocrx_word' id='word_1_180' title='bbox 99 1967 318 2028; x_wconf 82' lang='lat' dir='ltr'><strong>requenteAEncide,</strong></span> <span class='ocrx_word' id='word_1_181' title='bbox 330 1985 384 2031; x_wconf 83' lang='lat' dir='ltr'><strong>rege</strong></span> <span class='ocrx_word' id='word_1_182' title='bbox 399 1970 562 2027; x_wconf 84' lang='lat' dir='ltr'><strong>Molossorum,</strong></span> <span class='ocrx_word' id='word_1_183' title='bbox 578 1973 672 2024; x_wconf 82' lang='lat' dir='ltr'><strong>veniret,</strong></span> <span class='ocrx_word' id='word_1_184' title='bbox 688 1966 766 2029; x_wconf 87' lang='lat' dir='ltr'><strong>prohi-</strong></span> 
     </span>
     <span class='ocr_line' id='line_1_28' title="bbox 98 2031 766 2097; baseline -0.004 -17"><span class='ocrx_word' id='word_1_185' title='bbox 98 2033 192 2093; x_wconf 88' lang='lat' dir='ltr'><strong>berique</strong></span> <span class='ocrx_word' id='word_1_186' title='bbox 202 2031 282 2080; x_wconf 87' lang='lat' dir='ltr'><strong>finibus</strong></span> <span class='ocrx_word' id='word_1_187' title='bbox 290 2036 317 2080; x_wconf 86' lang='lat' dir='ltr'><strong>ab</strong></span> <span class='ocrx_word' id='word_1_188' title='bbox 325 2034 441 2095; x_wconf 84' lang='lat' dir='ltr'><strong>Eurydice</strong></span> <span class='ocrx_word' id='word_1_189' title='bbox 449 2043 473 2082; x_wconf 89' lang='lat' dir='ltr'><strong>et</strong></span> <span class='ocrx_word' id='word_1_190' title='bbox 479 2036 572 2084; x_wconf 82' lang='lat' dir='ltr'><strong>Aridaeo</strong></span> <span class='ocrx_word' id='word_1_191' title='bbox 578 2050 633 2097; x_wconf 77' lang='lat' dir='ltr'><strong>rege</strong></span> <span class='ocrx_word' id='word_1_192' title='bbox 643 2033 766 2094; x_wconf 65' lang='lat' dir='ltr'><strong>coepimetr</strong></span> 
     </span>
     <span class='ocr_line' id='line_1_29' title="bbox 99 2096 764 2163; baseline -0.005 -19"><span class='ocrx_word' id='word_1_193' title='bbox 99 2112 141 2144; x_wconf 84' lang='lat' dir='ltr'><strong>seu</strong></span> <span class='ocrx_word' id='word_1_194' title='bbox 152 2096 259 2144; x_wconf 75' lang='lat' dir='ltr'><strong>memorii</strong></span> <span class='ocrx_word' id='word_1_195' title='bbox 269 2099 350 2154; x_wconf 87' lang='lat' dir='ltr'><strong>mariti,</strong></span> <span class='ocrx_word' id='word_1_196' title='bbox 361 2115 401 2147; x_wconf 85' lang='lat' dir='ltr'><strong>seu</strong></span> <span class='ocrx_word' id='word_1_197' title='bbox 412 2102 566 2163; x_wconf 72' lang='lat' dir='ltr'><strong>magnitudine</strong></span> <span class='ocrx_word' id='word_1_198' title='bbox 573 2099 619 2154; x_wconf 88' lang='lat' dir='ltr'><strong>lilii,</strong></span> <span class='ocrx_word' id='word_1_199' title='bbox 631 2106 655 2146; x_wconf 90' lang='lat' dir='ltr'><strong>et</strong></span> <span class='ocrx_word' id='word_1_200' title='bbox 665 2096 764 2158; x_wconf 79' lang='lat' dir='ltr'><strong>indigni·</strong></span> 
     </span>
     <span class='ocr_line' id='line_1_30' title="bbox 99 2159 766 2226; baseline 0.001 -16"><span class='ocrx_word' id='word_1_201' title='bbox 99 2169 149 2210; x_wconf 84' lang='lat' dir='ltr'><strong>tate</strong></span> <span class='ocrx_word' id='word_1_202' title='bbox 165 2163 198 2208; x_wconf 90' lang='lat' dir='ltr'><strong>rei</strong></span> <span class='ocrx_word' id='word_1_203' title='bbox 215 2164 277 2219; x_wconf 79' lang='lat' dir='ltr'><strong>moti,</strong></span> <span class='ocrx_word' id='word_1_204' title='bbox 297 2163 436 2212; x_wconf 86' lang='lat' dir='ltr'><strong>Macedones</strong></span> <span class='ocrx_word' id='word_1_205' title='bbox 453 2166 481 2212; x_wconf 90' lang='lat' dir='ltr'><strong>ad</strong></span> <span class='ocrx_word' id='word_1_206' title='bbox 497 2164 631 2226; x_wconf 80' lang='lat' dir='ltr'><strong>Olympiada</strong></span> <span class='ocrx_word' id='word_1_207' title='bbox 640 2159 766 2217; x_wconf 64' lang='lat' dir='ltr'><strong>mansidrer</strong></span> 
     </span>
     <span class='ocr_line' id='line_1_31' title="bbox 100 2226 765 2289; baseline -0.003 -15"><span class='ocrx_word' id='word_1_208' title='bbox 100 2228 166 2289; x_wconf 77' lang='lat' dir='ltr'><strong>an&#39;us</strong></span> <span class='ocrx_word' id='word_1_209' title='bbox 177 2227 243 2288; x_wconf 85' lang='lat' dir='ltr'><strong>jussu</strong></span> <span class='ocrx_word' id='word_1_210' title='bbox 254 2235 277 2273; x_wconf 89' lang='lat' dir='ltr'><strong>et</strong></span> <span class='ocrx_word' id='word_1_211' title='bbox 287 2227 410 2289; x_wconf 86' lang='lat' dir='ltr'><strong>Eurydice,</strong></span> <span class='ocrx_word' id='word_1_212' title='bbox 428 2238 452 2277; x_wconf 89' lang='lat' dir='ltr'><strong>et</strong></span> <span class='ocrx_word' id='word_1_213' title='bbox 462 2245 502 2276; x_wconf 88' lang='lat' dir='ltr'><strong>rex</strong></span> <span class='ocrx_word' id='word_1_214' title='bbox 512 2230 627 2284; x_wconf 89' lang='lat' dir='ltr'><strong>occiditur,</strong></span> <span class='ocrx_word' id='word_1_215' title='bbox 642 2241 684 2275; x_wconf 84' lang='lat' dir='ltr'><strong>sex</strong></span> <span class='ocrx_word' id='word_1_216' title='bbox 698 2226 765 2274; x_wconf 86' lang='lat' dir='ltr'><strong>annis</strong></span> 
     </span>
     <span class='ocr_line' id='line_1_32' title="bbox 100 2292 508 2357; baseline 0.01 -20"><span class='ocrx_word' id='word_1_217' title='bbox 100 2298 155 2356; x_wconf 88' lang='lat' dir='ltr'><strong>post</strong></span> <span class='ocrx_word' id='word_1_218' title='bbox 165 2292 320 2339; x_wconf 80' lang='lat' dir='ltr'><strong>Alexandrum</strong></span> <span class='ocrx_word' id='word_1_219' title='bbox 334 2295 419 2356; x_wconf 86' lang='lat' dir='ltr'><strong>potitus</strong></span> <span class='ocrx_word' id='word_1_220' title='bbox 430 2311 508 2357; x_wconf 85' lang='lat' dir='ltr'><strong>regno.</strong></span> 
     </span>
    </p>

    <p class='ocr_par' dir='ltr' id='par_1_4' title="bbox 100 2354 768 2740">
     <span class='ocr_line' id='line_1_33' title="bbox 135 2354 766 2421; baseline 0 -20"><span class='ocrx_word' id='word_1_221' title='bbox 135 2354 182 2402; x_wconf 86' lang='lat' dir='ltr'><strong>VI.</strong></span> <span class='ocrx_word' id='word_1_222' title='bbox 198 2356 243 2404; x_wconf 87' lang='lat' dir='ltr'><strong>Sed</strong></span> <span class='ocrx_word' id='word_1_223' title='bbox 258 2372 300 2403; x_wconf 92' lang='lat' dir='ltr'><strong>nec</strong></span> <span class='ocrx_word' id='word_1_224' title='bbox 311 2357 429 2421; x_wconf 86' lang='lat' dir='ltr'><strong>Olympias</strong></span> <span class='ocrx_word' id='word_1_225' title='bbox 439 2361 477 2406; x_wconf 91' lang='lat' dir='ltr'><strong>diu</strong></span> <span class='ocrx_word' id='word_1_226' title='bbox 492 2359 602 2420; x_wconf 71' lang='lat' dir='ltr'><strong>regnavit.</strong></span> <span class='ocrx_word' id='word_1_227' title='bbox 633 2356 702 2413; x_wconf 85' lang='lat' dir='ltr'><strong>Nam,</strong></span> <span class='ocrx_word' id='word_1_228' title='bbox 713 2369 766 2403; x_wconf 89' lang='lat' dir='ltr'><strong>curn</strong></span> 
     </span>
     <span class='ocr_line' id='line_1_34' title="bbox 100 2420 767 2485; baseline -0.001 -19"><span class='ocrx_word' id='word_1_229' title='bbox 100 2421 228 2485; x_wconf 84' lang='lat' dir='ltr'><strong>principum</strong></span> <span class='ocrx_word' id='word_1_230' title='bbox 238 2423 321 2483; x_wconf 87' lang='lat' dir='ltr'><strong>passim</strong></span> <span class='ocrx_word' id='word_1_231' title='bbox 332 2423 412 2481; x_wconf 85' lang='lat' dir='ltr'><strong>caedes,</strong></span> <span class='ocrx_word' id='word_1_232' title='bbox 430 2424 532 2471; x_wconf 89' lang='lat' dir='ltr'><strong>muliebri</strong></span> <span class='ocrx_word' id='word_1_233' title='bbox 542 2424 614 2484; x_wconf 82' lang='lat' dir='ltr'><strong>magis</strong></span> <span class='ocrx_word' id='word_1_234' title='bbox 624 2437 691 2483; x_wconf 90' lang='lat' dir='ltr'><strong>quam</strong></span> <span class='ocrx_word' id='word_1_235' title='bbox 702 2420 767 2481; x_wconf 81' lang='lat' dir='ltr'><strong>regio</strong></span> 
     </span>
     <span class='ocr_line' id='line_1_35' title="bbox 101 2483 768 2544; baseline -0.001 -11"><span class='ocrx_word' id='word_1_236' title='bbox 101 2500 174 2541; x_wconf 87' lang='lat' dir='ltr'><strong>more,</strong></span> <span class='ocrx_word' id='word_1_237' title='bbox 189 2485 286 2541; x_wconf 84' lang='lat' dir='ltr'><strong>fecisset,</strong></span> <span class='ocrx_word' id='word_1_238' title='bbox 303 2486 402 2534; x_wconf 83' lang='lat' dir='ltr'><strong>savorem</strong></span> <span class='ocrx_word' id='word_1_239' title='bbox 413 2489 448 2535; x_wconf 88' lang='lat' dir='ltr'><strong>sui</strong></span> <span class='ocrx_word' id='word_1_240' title='bbox 459 2490 482 2534; x_wconf 92' lang='lat' dir='ltr'><strong>io</strong></span> <span class='ocrx_word' id='word_1_241' title='bbox 493 2489 568 2535; x_wconf 89' lang='lat' dir='ltr'><strong>odium</strong></span> <span class='ocrx_word' id='word_1_242' title='bbox 579 2489 653 2535; x_wconf 83' lang='lat' dir='ltr'><strong>vertit</strong></span> <span class='ocrx_word' id='word_1_243' title='bbox 686 2483 768 2544; x_wconf 85' lang='lat' dir='ltr'><strong>Itaque</strong></span> 
     </span>
     <span class='ocr_line' id='line_1_36' title="bbox 103 2547 766 2607; baseline 0.002 -10"><span class='ocrx_word' id='word_1_244' title='bbox 103 2549 181 2597; x_wconf 90' lang='lat' dir='ltr'><strong>audito</strong></span> <span class='ocrx_word' id='word_1_245' title='bbox 193 2547 314 2599; x_wconf 85' lang='lat' dir='ltr'><strong>Cassandri</strong></span> <span class='ocrx_word' id='word_1_246' title='bbox 327 2553 431 2607; x_wconf 85' lang='lat' dir='ltr'><strong>adventu,</strong></span> <span class='ocrx_word' id='word_1_247' title='bbox 449 2553 521 2599; x_wconf 84' lang='lat' dir='ltr'><strong>diffisa</strong></span> <span class='ocrx_word' id='word_1_248' title='bbox 533 2552 703 2603; x_wconf 83' lang='lat' dir='ltr'><strong>Macedonibus,</strong></span> <span class='ocrx_word' id='word_1_249' title='bbox 714 2562 766 2593; x_wconf 83' lang='lat' dir='ltr'><strong>cum</strong></span> 
     </span>
     <span class='ocr_line' id='line_1_37' title="bbox 104 2613 766 2685; baseline -0.005 -23"><span class='ocrx_word' id='word_1_250' title='bbox 104 2629 164 2662; x_wconf 88' lang='lat' dir='ltr'><strong>nuru</strong></span> <span class='ocrx_word' id='word_1_251' title='bbox 175 2614 288 2662; x_wconf 83' lang='lat' dir='ltr'><strong>Rhoxane</strong></span> <span class='ocrx_word' id='word_1_252' title='bbox 298 2623 321 2662; x_wconf 90' lang='lat' dir='ltr'><strong>et</strong></span> <span class='ocrx_word' id='word_1_253' title='bbox 332 2624 414 2678; x_wconf 88' lang='lat' dir='ltr'><strong>nepote</strong></span> <span class='ocrx_word' id='word_1_254' title='bbox 426 2616 566 2671; x_wconf 71' lang='lat' dir='ltr'><strong>Herculeio</strong></span> <span class='ocrx_word' id='word_1_255' title='bbox 577 2616 681 2676; x_wconf 89' lang='lat' dir='ltr'><strong>Pydnam</strong></span> <span class='ocrx_word' id='word_1_256' title='bbox 689 2613 766 2685; x_wconf 71' lang='lat' dir='ltr'><strong>urbem</strong></span> 
     </span>
     <span class='ocr_line' id='line_1_38' title="bbox 104 2673 768 2740; baseline 0.005 -13"><span class='ocrx_word' id='word_1_257' title='bbox 104 2680 216 2729; x_wconf 86' lang='lat' dir='ltr'><strong>concedit.</strong></span> <span class='ocrx_word' id='word_1_258' title='bbox 230 2679 384 2730; x_wconf 83' lang='lat' dir='ltr'><strong>Proficiscenti</strong></span> <span class='ocrx_word' id='word_1_259' title='bbox 395 2680 522 2738; x_wconf 83' lang='lat' dir='ltr'><strong>Deidamia,</strong></span> <span class='ocrx_word' id='word_1_260' title='bbox 533 2680 637 2732; x_wconf 80' lang='lat' dir='ltr'><strong>AEncidae</strong></span> <span class='ocrx_word' id='word_1_261' title='bbox 645 2677 705 2740; x_wconf 78' lang='lat' dir='ltr'><strong>regit</strong></span> <span class='ocrx_word' id='word_1_262' title='bbox 712 2673 768 2730; x_wconf 59' lang='lat' dir='ltr'><strong>&#39;filus</strong></span> 
     </span>
    </p>
   </div>
   <div class='ocr_carea' id='block_1_4' title="bbox 0 0 917 2942">
    <p class='ocr_par' dir='ltr' id='par_1_5' title="bbox 0 0 917 2942">
     <span class='ocr_line' id='line_1_39' title="bbox 0 0 917 2942; baseline 0 0"><span class='ocrx_word' id='word_1_263' title='bbox 0 0 917 2942; x_wconf 95' lang='lat' dir='ltr'><strong> </strong></span> 
     </span>
    </p>
   </div>
  </div>
 </body>
</html>
