1800 2942
16 194 17 197 ,
94 152 150 204 Car.
160 155 201 203 61.
320 151 525 204 JUGURTHA.
726 155 759 203 85

16 284 17 293 ’
95 324 99 333 .
122 283 178 332 Lx.
195 282 398 345 Eodem'tempore
407 284 466 347 apud
477 283 569 331 Zamam
580 280 664 345 magud
674 282 759 330 viuer-

91 351 184 398 tabatur.
218 349 265 396 Ubi
283 350 378 409 quiaque
394 350 484 411 legatus
498 356 537 396 sut
547 348 649 395 tribunus
660 349 766 405 curabat?

92 430 118 465 eo
127 430 244 462 acerrume
254 415 296 460 niti
303 420 313 471 ς’
327 428 401 474 neque
411 414 468 461 alius
478 415 501 460 iu
513 415 557 460 alio
567 414 640 476 magis
654 428 722 474 quum
733 414 758 460 in

91 495 138 528 aeae
154 495 218 542 spem
236 479 330 525 habere:
348 480 433 540 pariter
448 479 552 541 oppidani
569 493 650 540 agere:
669 494 758 541 oppug-

16 570 18 587 ·
91 560 149 600 aare,
160 551 200 592 aut
210 557 289 606 parare
299 544 403 590 omnibus
412 543 469 590 locis
477 561 487 590 r
502 544 589 590 avidius
599 543 663 590 alteri
674 545 759 590 alteros

16 638 18 673 1
90 612 196 662 sauciare,
217 622 284 669 quam
311 614 382 655 semet
400 615 494 670 tegere:
519 609 611 663 clamor,
631 610 759 671 permixtus

90 675 221 728 hortatione,
241 670 329 726 taetitia,
345 673 439 734 gemitu,
454 674 509 720 item
519 674 624 735 strepitus
635 688 756 728 armorum,

16 744 17 777 f
89 736 290 790 sdcoelunrferria
309 737 354 787 tels
364 739 477 798 utrimque
487 738 572 784 volare.
605 738 650 785 Sed
667 739 706 792 illi,
717 739 759 799 qui

16 806 17 853 ]
90 805 173 853 taoenia
189 797 341 857 defensabant,
352 803 390 849 ubi
400 802 477 849 hostes
491 803 606 864 paululum
617 803 686 850 modo
695 819 756 865 pug-

16 864 17 889 ³
90 884 140 916 uam
158 868 299 921 remiserant
312 868 394 914 intenti
408 868 514 929 proeliunr
530 875 634 928 equestre
649 883 758 931 prosper·-

88 935 176 982 tabant:
196 948 244 988 eos,
262 933 297 979 uti
314 947 409 993 quaeque
422 931 544 994 Jugurthae
555 948 592 980 res
602 942 673 989 erant,
690 934 757 980 laetos

88 1000 162 1054 nodo,
181 998 251 1047 modu
261 998 354 1060 pavidus
364 998 569 1046 animadverteres:
588 1013 621 1053 ae,
634 999 700 1045 sicuti
714 1014 755 1046 au·

90 1065 129 1113 tiri
139 1080 154 1112 ι
164 1064 213 1112 suis
223 1071 262 1109 aut
273 1064 334 1109 cerni
345 1070 445 1126 possent,
455 1078 548 1110 monere
559 1063 603 1119 alii,
614 1064 651 1110 alii
662 1064 757 1117 hortari,

89 1137 125 1177 aut
134 1144 206 1177 manu
216 1127 349 1190 significare,
360 1138 399 1175 sut
409 1129 449 1174 niti
461 1129 597 1190 corporibus,
608 1136 633 1175 et
639 1129 683 1176 huc
691 1129 755 1185 illue,

89 1195 148 1254 quasi
167 1193 291 1247 vitabundi,
310 1200 349 1240 aut
362 1194 473 1255 jacientes
490 1194 543 1248 tela,
560 1193 653 1255 agitare.
686 1192 756 1247 Quod

90 1260 124 1307 ubi
134 1258 215 1306 Mario
225 1258 343 1319 cognitum
353 1266 389 1305 est
400 1259 464 1322 (nam
471 1258 490 1304 is
498 1260 522 1304 iu
532 1255 560 1304 eb
569 1266 633 1318 parte
643 1256 757 1318 curabat),

90 1325 194 1373 consulto
210 1323 283 1372 lenius
298 1338 371 1385 agere,
389 1338 419 1370 ae
432 1323 578 1370 diffidentiam
589 1325 621 1369 rei
632 1323 754 1369 simulares

70 1416 77 1425 ι
89 1390 133 1451 pati
143 1388 260 1438 Numidas
269 1388 317 1435 sine
327 1389 426 1435 tumultu
437 1388 499 1450 regis
508 1387 612 1450 proelium
622 1388 702 1434 visere.
720 1386 758 1435 Ita

88 1454 130 1502 illia
136 1455 213 1502 studio
222 1468 314 1500 suorum
322 1454 440 1508 adstrictis
448 1460 541 1515 repente
546 1450 629 1515 magud
635 1454 659 1498 vi
666 1467 757 1499 murum

89 1519 232 1582 aggreditur:
252 1519 329 1581 etjam
337 1519 402 1566 aculis
410 1518 495 1581 egressi
502 1518 661 1579 milites.prope
670 1532 759 1564 summa

87 1592 200 1646 oeperunt,
211 1598 265 1630 curn
276 1583 378 1645 oppidani
396 1591 549 1640 concurrunt5
563 1582 657 1645 lapides,
672 1584 758 1644 ignem,

89 1649 129 1696 slis
138 1656 251 1710 praterea
261 1649 306 1695 teta
317 1649 432 1711 ingerunt.
463 1648 547 1695 Nostri
554 1649 629 1710 primo
638 1648 756 1695 resistere:

90 1712 176 1768 deiude,
193 1713 232 1760 ubi
250 1728 302 1760 unse
312 1721 380 1774 atque
390 1713 467 1760 alterae
477 1714 543 1761 acalae
554 1715 707 1769 comminutae,
718 1713 759 1774 qui
773 1746 775 1749 -

16 1804 17 1807 =
90 1785 271 1841 supersteterant,
293 1778 371 1825 afflicti
389 1786 457 1835 suut3
483 1779 559 1825 caeteri
577 1795 668 1840 quoquo
689 1778 758 1826 modo

89 1841 189 1904 potuine,
205 1844 272 1905 pauci
289 1844 381 1906 integri,
397 1858 483 1906 magna
494 1859 546 1906 para
562 1845 659 1892 confecti
675 1844 756 1890 volue-

90 1909 157 1986 ribus,
170 1909 264 1959 abeunt.v
293 1906 402 1970 Denique
415 1909 527 1970 utrimque
542 1910 647 1973 proelium
658 1922 707 1956 nox
722 1907 757 1953 di·

89 1981 190 2089 ἭΙ.
207 2037 324 2093 Metellus,
335 2045 454 2101 postquam
461 2039 523 2086 videt
532 2038 615 2087 frustra
625 2039 739 2099 inceptum
748 2054 757 2094 ς

90 2117 163 2165 neque
171 2103 278 2165 oppidum
293 2104 351 2165 capi,
369 2119 443 2165 neque
460 2103 609 2166 Jugurtham,
625 2104 671 2149 nisi
680 2117 712 2149 ex
720 2103 758 2149 in·

89 2169 154 2223 sidiis,
170 2175 211 2215 aut
221 2183 263 2215 suo
273 2168 324 2215 loco
341 2184 441 2230 pugnam
456 2169 536 2223 facere,
553 2176 576 2215 et
591 2170 641 2232 jam
654 2175 757 2214 aestatem

16 2222 17 2233 ¹
89 2240 190 2281 uxamam
209 2248 270 2287 esse,¹
284 2234 312 2283 ab
329 2232 399 2280 Zamb
415 2234 524 2280 discedit:
543 2235 601 2279 etin
612 2234 646 2278 his
658 2233 755 2287 urbibus,

87 2311 136 2357 quaa
143 2298 172 2345 ad
181 2312 206 2344 se
214 2298 347 2353 deiecerant,
359 2299 458 2358 satisque
465 2298 615 2345 munitaeloeo
624 2305 662 2345 aut
673 2300 757 2345 moeni-

16 2370 18 2385 '
87 2361 127 2409 bus
145 2370 217 2417 erant,
235 2363 340 2425 praesidia
355 2363 459 2425 imponit.
497 2362 613 2411 Caeterum
632 2363 756 2409 exercitum

16 2454 17 2487 3
87 2425 110 2473 iu
127 2427 268 2489 provinciam.
287 2425 351 2490 [quae
370 2443 481 2490 proxuma
499 2434 534 2475 est
556 2426 684 2536 Numidiae}
706 2428 755 2473 hie·

16 2534 17 2549 ,
87 2490 358 2554 mandigratidcollocat.
389 2492 473 2554 Neque
483 2493 506 2539 id
514 2500 612 2555 tempus,
622 2507 652 2539 ex
681 2493 758 2536 iorum*

86 2569 154 2613 more,
177 2559 247 2617 quieti
266 2565 306 2606 aut
324 2558 420 2604 luxuries
439 2558 558 2605 concedit:
581 2558 627 2609 sed,
649 2555 756 2615 quoniam

86 2622 152 2669 ermis
170 2622 259 2671 bellurn
275 2637 355 2685 parum
376 2622 518 2684 procedebat,
539 2621 630 2667 iusidias
649 2619 697 2678 regi
715 2631 757 2677 per
822 2627 824 2631 ’

84 2687 169 2737 amicos
178 2688 278 2747 tendere,
289 2695 314 2737 et
324 2702 401 2736 eorum
412 2684 505 2755 perfidiis
512 2701 553 2748 pru
563 2685 631 2737 armis
642 2683 676 2730 uti
685 2687 756 2743 parat.

550 2763 561 2795 1
