1800 2942
129 94 191 167 'roo
294 116 433 169 susurru
449 116 547 168 nnn.
563 117 653 170 cras.

140 247 305 309 longitudinem
316 256 340 296 et
350 249 569 311 untuduempnet
597 248 738 299 Hominibus
749 251 813 301 inter

139 327 165 359 se
175 313 230 359 nulli
241 310 313 360 fines:
327 315 468 374 nequeenim
480 329 559 376 agnum
570 322 692 372 exercent3
712 331 755 363 nec
767 319 811 365 do-
823 312 828 319 ’

139 391 190 424 rnus
201 377 245 424 illis
255 378 307 432 ulla,
326 387 365 426 aut
376 385 468 433 tectum,
487 387 526 425 aut
537 379 602 426 sedes
612 388 654 435 est,
669 389 775 429 armenta
788 390 814 429 ct

138 457 220 505 pecora
230 458 319 505 semper
325 444 475 505 pascentibus,
483 450 507 489 et
517 459 558 505 per
568 443 664 492 incultas
675 445 813 494 solitudines

138 522 213 555 errare
229 508 309 554 nolitis.
343 507 434 555 Uxores
444 507 570 568 liberosque
580 523 656 556 secum
667 509 691 556 in
701 510 813 571 plaustris

138 573 239 629 vehunt3
267 574 353 633 quibus,
376 573 443 620 coriis
464 573 568 620 imbrium
594 574 719 635 hiemisque
740 575 813 624 causi

138 637 211 693 tectis,
222 652 264 698 pro
275 638 377 685 domibus
389 644 489 685 utuntur.
520 637 613 686 ,lustitia
622 640 699 702 gentis
709 639 813 702 ingeniis

139 702 206 757 culta,
229 717 275 750 non
297 703 392 765 legibus
425 701 522 749 Nullum
539 703 612 750 scelus
626 704 686 765 spud
696 719 737 752 eos
747 703 813 755 furto

139 767 245 829 gravius:
265 771 347 830 quippe
363 769 412 816 sine
424 776 486 815 tecto
496 768 681 830 munimentoque
691 784 776 831 peoora
786 778 813 819 et

139 839 242 879 armenta
253 832 312 879 iuter
323 833 392 880 silvas
402 833 535 880 habentibus
545 833 600 893 quid
608 833 695 880 salvum
710 841 780 890 esset,
791 836 812 883 si

138 895 209 943 iurari
220 896 317 944 liceret?
345 897 434 944 Aurum
446 907 470 945 et
478 903 598 960 argentum
609 899 703 961 perinde
714 899 811 960 adsper-

139 968 229 1015 nautor,
241 976 267 1008 sc
278 962 358 1022 reliqui
369 963 477 1010 mortales
488 969 603 1024 appetunt.
630 961 703 1011 L'acte
710 971 734 1011 et
742 964 813 1012 melle

137 1033 269 1073 vescuntur.
302 1024 375 1073 Lanae
391 1028 419 1073 iis
434 1043 491 1074 usus
506 1043 533 1075 ac
543 1029 640 1076 vestium
651 1030 761 1091 ignotus3
778 1036 812 1086 et,

138 1105 273 1152 quamquam
284 1092 398 1139 continuis
406 1091 529 1155 frigoribus
540 1100 640 1148 urantur,
651 1093 746 1156 pellibus
755 1101 810 1141 tan·

139 1163 189 1203 tum
206 1154 284 1203 ferinis
299 1163 338 1204 aut
356 1158 451 1204 murinis
463 1164 564 1206 utuntur.
597 1156 658 1205 Haec
668 1159 812 1207 continentia

138 1220 184 1268 illis
201 1237 290 1269 morum
309 1238 398 1285 quoque
411 1223 524 1285 justitiam
539 1222 609 1279 dedit,
631 1223 686 1270 nibil
708 1224 810 1271 ebenum

138 1287 361 1349 concupiscentibus:
381 1289 463 1350 quippe
481 1288 562 1335 ibidem
581 1287 708 1335 divitiorum
726 1289 811 1350 cupido

139 1359 181 1408 est,
195 1352 231 1399 ubi
242 1359 344 1410 etusus;
363 1354 442 1416 (atque
461 1352 546 1399 utinam
569 1352 660 1414 reliquis
676 1353 812 1402 mortalibus

139 1417 218 1465 similis
234 1418 365 1471 moderatio,
387 1417 566 1479 abstinentiaque
581 1418 648 1466 alieni
661 1415 735 1466 foret:
754 1434 810 1480 pro-

138 1480 199 1529 fecto
218 1497 264 1530 non
279 1489 367 1530 tanturn
384 1483 493 1530 bellorum
506 1498 546 1545 per
559 1483 634 1530 omnia
645 1483 730 1531 saeoula
742 1485 811 1533 terris
887 1518 894 1535 s

138 1549 243 1595 omnibus
250 1549 418 1595 continuaretur
424 1565 432 1606 ;
450 1562 523 1609 neque
533 1548 584 1610 plus
595 1549 711 1595 bominum
722 1548 810 1597 sermm

138 1619 163 1658 et
179 1627 247 1669 arura,
266 1628 334 1674 quarn
351 1614 458 1661 naturalis
473 1612 571 1660 fatorum
591 1614 690 1661 conditio
707 1612 809 1677 raperet)

138 1691 230 1738 prorsua
242 1684 268 1722 ut
278 1678 406 1725 admirabile
414 1679 522 1733 videatur,
532 1678 575 1725 hoc
583 1678 628 1725 illis
636 1685 739 1726 naturam
748 1679 810 1736 dare,

138 1740 198 1801 quod
211 1741 289 1788 Graeci
299 1741 370 1803 longis
380 1744 514 1805 sapientium
525 1741 632 1797 doctrind,
644 1745 810 1807 praeceptisque

137 1804 321 1867 pbilosophorum
333 1809 440 1867 consequi
452 1815 580 1869 nequeunt;
598 1809 717 1869 cultosque
732 1825 810 1857 mores

136 1869 229 1916 incultae
239 1870 347 1917 barbariae
356 1872 476 1919 collatione
487 1873 592 1935 superari.
631 1872 708 1921 Tanto
718 1874 771 1936 plus
785 1874 810 1922 in

137 1935 183 1982 illis
193 1932 281 1997 proficit
291 1935 397 1983 vinorum
408 1937 529 1998 ignoratio,
546 1952 613 1999 quam
624 1938 648 1984 in
656 1934 695 1985 vhis
706 1939 809 2002 cognitio

137 2000 237 2048 virtutis.
809 2044 812 2049 ,

170 2063 219 2112 111.
238 2063 360 2127 Imperium
377 2065 441 2113 Asiae
460 2074 496 2113 ter
511 2063 649 2128 quaeiivire:
669 2067 713 2131 ipsi
727 2083 757 2130 pe
799 2097 810 2110 .

137 2136 178 2176 tuo
189 2131 216 2177 ab
226 2131 301 2177 alieno
311 2130 406 2193 imperio
417 2139 457 2177 aut
467 2132 546 2178 intacti
557 2140 596 2178 aut
607 2132 684 2179 invicti
696 2147 810 2183 mansere.

136 2193 243 2250 Darium,
262 2210 338 2258 regern
356 2194 483 2251 Persarum,
500 2196 559 2257 turpi
570 2198 598 2243 ab
610 2193 705 2257 scythia
715 2199 811 2247 submo-

136 2266 219 2307 verunt
236 2259 307 2322 iugi:
328 2258 416 2321 Cynum
428 2276 479 2307 cum
493 2262 555 2307 omni
567 2262 667 2321 exercitu
678 2263 810 2311 trucidave-

136 2331 204 2371 runt:
223 2325 347 2372 Alexandri
367 2325 449 2388 Magni
464 2327 544 2372 ducem
561 2325 691 2387 Zopyrionn
703 2328 752 2388 pari
772 2344 809 2376 rn-

136 2389 200 2436 tione
210 2404 262 2436 curn
274 2390 345 2450 copiis
355 2391 466 2436 universis
477 2391 622 2438 deleverunt:
648 2391 810 2441 Romanorum

138 2451 250 2508 audivire,
259 2468 305 2499 non
317 2453 414 2509 sensere,
425 2471 505 2501 arma:
539 2454 670 2502 Parthicum
682 2464 705 2502 et
717 2456 810 2506 Bactri·

137 2532 206 2564 anum
217 2518 335 2580 imperium
346 2519 388 2580 ipsi
399 2519 554 2566 condiderunt.
587 2520 652 2568 Gens
663 2527 687 2567 et
694 2521 811 2570 laboribus

136 2589 161 2628 et
176 2582 239 2629 bellis
256 2597 347 2644 aspera:
369 2583 429 2629 vires
450 2598 570 2645 corporum
590 2585 723 2633 immensaer
752 2588 810 2634 nibil

135 2660 220 2710 parare,
232 2648 292 2711 quod
304 2648 406 2696 amittere
417 2649 527 2697 timeant:
547 2649 603 2697 nihil
614 2650 712 2699 victores
725 2657 811 2715 praeter
