1800 2942
243 154 381 207 JUSTINI
398 153 482 204 Lml.
498 153 557 206 Car.
566 160 590 206 9.
704 160 751 209 155

78 288 179 345 difficile,
190 295 217 335 ut
226 295 328 350 parceret
338 287 391 343 suis,
402 287 502 348 quicum
513 292 629 334 contemtu
635 286 752 349 religionis

79 362 199 419 grassatus
211 354 279 400 etiam
291 353 399 399 adversus
411 351 477 400 Deos
487 351 569 399 suerat.
599 351 639 398 Ad
649 353 693 398 hoe
704 359 752 400 torn

78 419 172 468 crudele
193 418 343 465 ministerium
365 417 464 479 Magum
483 418 602 479 quemdam
621 433 651 465 er
674 418 753 467 amicis

78 485 173 547 delegit,
186 484 278 530 nomine
289 481 410 531 Cometen.
441 480 537 530 Interim
548 483 603 545 ipse,
622 482 699 546 gladio
710 481 752 530 sui

79 559 163 613 sponte
183 549 314 610 evaginato,
336 549 360 594 in
380 546 467 595 femore
491 549 591 610 graviter
612 549 752 603 vulneratus,

79 615 201 672 occubuit;
218 627 344 676 poeuasque
354 612 403 668 luit,
415 629 456 661 seu
466 613 568 676 imperati
579 614 699 674 parricidii,
712 628 753 661 seu
791 631 800 649 s

79 680 194 741 sacrilegii
204 679 334 741 perpetrati.
366 677 420 733 Quo
438 679 518 725 nuntio
535 685 634 741 eccepto,
657 678 752 742 Magus,⁴

80 752 135 793 ante
151 743 236 792 famam
249 743 326 790 amissi
339 743 406 806 regis,
426 750 523 805 occupat
531 741 635 801 facinus3
652 751 752 807 prostra-

79 818 151 871 toque
162 809 266 866 Smerde,
280 809 318 856 cui
328 824 424 871 regnum
436 809 564 866 debebatur,
580 807 673 856 fratrem
685 823 752 856 suum

80 876 178 938 subjecit
200 874 336 937 Ompusten.
369 873 428 920 Erat
443 874 504 921 euim
521 881 545 922 et
561 873 607 920 oris
618 881 642 920 et
652 875 753 936 corporis

78 939 225 988 lineamentis
244 938 380 1001 persimili„
404 955 430 986 ac
451 939 543 987 nemine
562 939 653 987 subesse
674 940 752 988 dolum

78 1005 211 1061 arbitrante,
226 1020 268 1065 pro
283 1004 377 1051 Smerde
393 1019 434 1052 rex
450 1003 575 1066 Oropastes
594 1005 750 1052 constituitur:

79 1085 133 1131 quae
145 1085 182 1116 res
196 1085 225 1116 eo
235 1068 345 1116 occultior
354 1068 405 1125 fuit,
421 1071 482 1132 quod
493 1069 552 1132 upud
564 1068 646 1117 Persas
655 1082 754 1133 persons

81 1136 146 1197 regis
156 1135 198 1181 sub
215 1136 289 1198 specie
299 1135 424 1197 majestatis
434 1134 552 1181 occulitur.
586 1133 661 1197 Igitur
678 1135 754 1197 Magi,

81 1199 225 1247 auravorem
242 1199 319 1262 populi
335 1199 509 1252 conciliandum,
528 1199 605 1245 tributi
624 1199 648 1246 et
667 1200 754 1247 militine

81 1266 225 1312 secutionem
244 1266 268 1310 in
290 1264 412 1311 triennium
434 1263 581 1325 permittunt3
599 1271 625 1309 ut
646 1279 752 1327 regnum,

80 1331 144 1391 quod
164 1329 244 1376 fraude
262 1329 408 1390 quaesierant,
427 1328 577 1390 indulgentiae
597 1328 754 1390 largitionibus

80 1393 249 1442 confirmarent.
283 1393 344 1448 Quae
355 1410 391 1442 res
402 1401 508 1456 suspectu
518 1393 591 1454 primo
603 1392 691 1448 Ostoni,
702 1395 754 1441 viro

80 1459 159 1514 nobili,
178 1467 202 1506 et
221 1460 246 1505 in
261 1460 397 1521 conjecturis
413 1459 566 1520 sagacissimo,
589 1456 639 1505 fult.
673 1456 755 1519 Itaque

78 1539 121 1587 per
130 1524 285 1571 internuntios
294 1523 376 1584 quaerit
386 1523 414 1570 de
424 1521 478 1577 tilii,
489 1537 541 1584 quae
550 1522 609 1568 inter
620 1522 695 1585 regias
704 1524 753 1586 pel·

79 1589 136 1637 lices
147 1596 203 1645 erat,
215 1603 244 1635 an
256 1586 314 1649 cyri
325 1589 386 1650 regis
396 1587 456 1635 filius
468 1602 508 1634 rex
519 1594 586 1635 esset.
619 1584 663 1635 Illa
674 1603 717 1635 nee
728 1602 754 1637 se

80 1655 155 1717 ipsam
171 1654 229 1701 scire
246 1653 284 1708 rit,
301 1668 344 1699 nee
354 1667 384 1699 ex
395 1651 438 1700 alia
450 1667 519 1715 posse
534 1667 679 1715 cognoscere,
701 1654 755 1715 quia

79 1719 181 1782 ringulae
203 1718 321 1781 separatim
341 1718 492 1765 recludantur.
535 1716 597 1764 Tum
618 1726 755 1782 pertractare

80 1784 204 1832 dormienti
220 1789 288 1845 caput
298 1783 379 1846 jubet:
399 1798 451 1830 nam
464 1782 538 1846 Mago
550 1781 677 1846 Cambyses
687 1799 754 1832 aures

79 1856 189 1910 utrasque
204 1848 343 1918 marciderat.
376 1846 461 1896 Faetus
476 1848 684 1911 deindeperfiliam
702 1865 754 1897 cer-

59 1913 62 1923 '
79 1914 132 1969 tior,
145 1915 196 1961 sine
210 1914 300 1961 auribus
309 1928 360 1960 esse
371 1928 457 1977 regem,
475 1914 619 1976 optimatibus
629 1914 753 1962 Persarum

78 1994 129 2026 rem
143 1979 242 2036 inrlicat3
259 1980 317 2026 etin
328 1979 414 2026 cedem
424 1979 476 2026 falsi
487 1980 548 2041 regis
556 1979 666 2042 impulsos
677 1994 754 2026 sacm-

78 2045 153 2091 menti
164 2044 275 2106 religione
284 2044 414 2105 obstringit
447 2044 539 2107 Septem
560 2050 648 2091 tantum
667 2044 754 2095 conscii

77 2106 145 2156 suere
156 2109 223 2171 hujus
233 2110 400 2172 conjurationis,
411 2109 450 2170 qui
461 2125 490 2156 ex
501 2109 633 2163 continenti,
651 2124 687 2164 ne,
699 2109 753 2158 dato

78 2175 104 2220 in
114 2174 275 2236 poeniteutium
287 2175 365 2236 spatio,
378 2190 414 2221 res
422 2190 463 2237 per
470 2188 605 2235 quemquam
617 2183 753 2231 narraretur.

77 2239 196 2287 occultato
207 2239 322 2286 subverte
338 2238 405 2294 ierro,
424 2239 453 2286 ad
473 2240 558 2302 regiam
577 2246 683 2302 pergunt.
716 2237 753 2288 Ibi

78 2303 153 2351 obviis
165 2302 297 2358 interfectis,
313 2304 341 2350 ad
357 2305 444 2367 Magos
460 2305 610 2366 perveniunt;
627 2305 707 2365 quibus
722 2321 753 2353 ne

78 2369 135 2432 ipsis
145 2368 237 2430 quidem
248 2370 337 2416 unimus
353 2370 378 2417 in
397 2370 505 2417 auxilium
523 2370 558 2421 sui
577 2368 663 2427 defuit;
680 2371 751 2431 siqui-

80 2434 134 2482 dem
145 2435 225 2482 stricto
236 2433 297 2482 ferro
308 2434 401 2482 duosde
410 2435 533 2499 conjuratis
543 2434 688 2482 interficiunt
705 2433 753 2496 Ipsi

78 2505 158 2547 umen
168 2500 319 2562 currimuntur
329 2514 343 2546 a
353 2500 465 2562 pluribus:
485 2513 580 2561 quorum
591 2500 687 2547 alterum
700 2499 752 2547 Go-

77 2564 147 2626 bryan
157 2565 258 2612 medium
269 2564 392 2628 amplexus,
409 2565 566 2612 cunctantibus
583 2565 656 2620 sociis,
673 2577 703 2609 ne
716 2564 752 2624 ip-

78 2643 130 2677 sum
140 2644 184 2692 pro
195 2628 270 2693 Mago
280 2630 453 2685 transfoderent,
470 2629 522 2691 quia
539 2644 575 2676 res
594 2629 690 2674 obscuro
700 2625 753 2673 loeo

78 2695 209 2759 gerebam,
224 2695 264 2746 rel
278 2709 320 2760 per
335 2709 401 2745 sumn
412 2708 494 2759 corpur
504 2693 565 2758 adigi
576 2691 651 2754 Mago
666 2689 752 2739 terrum
