1800 2942
261 144 400 200 JUSTINI
416 145 513 194 Lrnll.
530 144 590 196 Car.
599 151 622 196 9.
731 151 778 197 167

105 277 172 341 quasi
184 276 232 332 sibi,
245 292 290 324 non
301 278 381 340 patriae
391 277 489 332 vicisset,
499 276 641 339 tyrannidem
651 291 692 339 per
703 276 779 324 dolum

106 350 213 406 occupat:
234 339 320 405 quippe'
326 342 458 390 voluntariis
468 343 596 390 verberibus
606 343 667 388 domi
678 342 778 397 affectus,

105 410 251 469 laceratoque
261 423 363 469 corpore,
375 409 398 455 in
408 408 522 470 publicum
530 408 689 470 progreditur:
708 408 779 454 advo-

107 473 281 528 casteoncione,
290 473 385 520 vulnera
391 473 474 537 populo
485 474 598 521 ostendit:
613 473 642 519 de
647 473 779 519 crudelitate
868 487 871 494 ⁴

105 540 241 602 principum,
255 539 358 599 aquibus
369 539 418 585 haec
433 554 459 585 se
468 554 559 599 passum
568 539 691 592 simulabat,
703 538 779 598 queri·
846 583 849 587 ,
875 535 879 544 '

104 612 157 652 ture
178 604 290 652 adduntur
300 604 392 650 vocibus
400 603 514 664 lacrymae,
526 612 549 650 et
557 601 668 651 invidiosa
677 603 780 649 oratione

104 668 229 717 multitudo
241 668 331 717 credula
341 669 483 716 accenditur:
503 683 580 715 amore
592 669 663 730 plebis
679 669 778 715 inrisum

105 749 132 782 re
150 733 238 781 senatui
257 734 362 781 affirmat:
382 734 469 780 obtinet
487 733 516 780 ad
533 734 658 780 custodiam
677 734 778 795 corporis

103 798 141 847 sui
152 798 274 845 satellitum
286 797 409 856 auxilium;
426 813 466 861 per
473 814 531 860 quos
536 797 645 862 occupati
653 797 779 859 tyrannide,

104 879 147 929 per
157 875 229 914 annos
238 864 330 926 triginta
341 870 387 911 tres
398 865 511 927 regnarit.

138 926 187 975 IX.
204 927 262 976 Post
272 930 321 992 ejus
331 935 427 976 mortem
436 928 539 984 Diocles,
555 929 612 975 alter
626 943 655 976 ex
668 928 727 983 filiis,
738 942 780 990 per

104 994 153 1044 vim
173 991 275 1055 stuprati
295 994 392 1055 virgine,
410 1009 424 1041 a
441 993 512 1041 fratre
532 994 614 1056 puellae
638 992 779 1041 interficitur.

105 1060 182 1113 Alter,
194 1057 292 1120 Hippias
304 1059 402 1114 nornine,
415 1075 467 1105 eum
481 1060 600 1121 imperium
610 1067 731 1121 paternum
742 1066 778 1104 te-

104 1131 179 1177 neret,
196 1124 363 1170 interfectorem
380 1123 457 1170 fratris
475 1124 632 1185 comprehendi
640 1125 720 1187 jubet:
740 1123 779 1183 qui

103 1204 158 1239 cum
169 1204 210 1250 per
226 1195 340 1236 tonnenta
355 1189 459 1234 conscios
472 1189 541 1235 eredis
556 1190 778 1254 nominareheogere·

103 1261 148 1309 tur,
166 1268 246 1301 omnes
263 1254 347 1301 amieos
357 1253 448 1315 tyranni
459 1254 598 1299 nominarit:
617 1255 697 1315 quibus
708 1255 778 1301 inter·

102 1319 179 1372 fectis,
202 1320 312 1380 quaerenti
332 1326 437 1379 tyranno,
456 1333 485 1365 an
507 1318 580 1364 adhue
602 1318 670 1379 aliqui
692 1318 776 1364 conscii

102 1391 188 1438 essent,
201 1383 324 1431 Neminem
336 1385 375 1430 ait‘
384 1399 509 1446 superesse,
526 1397 593 1445 quem
609 1383 704 1445 amplius
718 1383 778 1429 mori

102 1450 195 1513 gestiat,
206 1464 273 1510 quarn
287 1449 362 1514 ipsum
377 1455 507 1510 tyrannum.
542 1446 595 1501 Qua
605 1463 664 1494 voce
677 1448 777 1511 ejusdem

101 1531 128 1563 se
139 1516 232 1576 tyranni
239 1516 354 1571 rictorem,
366 1520 418 1576 post
432 1514 554 1561 vindictam
562 1513 676 1575 pudicitiae
687 1513 777 1568 sororis,

102 1580 211 1628 ostendit
243 1578 321 1641 Hujus
331 1580 416 1626 virtute
426 1594 478 1626 oum
494 1578 609 1625 admornta
620 1578 699 1625 civitas
709 1577 777 1624 liber·

103 1645 158 1693 tatis
169 1651 235 1699 esset,
246 1644 338 1690 tandem
350 1643 448 1706 Hippias
457 1660 528 1707 regno
541 1644 626 1706 pulsus,
638 1643 662 1689 in
673 1642 777 1689 eirsa'lium

100 1711 194 1773 agiturz
214 1710 251 1770 qui
262 1707 377 1771 profectus
385 1710 408 1755 in
421 1708 510 1764 Persas,
519 1708 599 1755 ducem
608 1724 633 1755 se
647 1707 728 1761 Dario,
740 1708 777 1754 ina

100 1774 184 1823 ferenti
193 1775 370 1822 Atheniensibus
380 1774 470 1829 bellum,
480 1775 545 1822 sicuti
551 1790 618 1837 supra
626 1772 778 1835 significatum

101 1846 146 1897 est,
156 1840 265 1887 adversus
275 1840 370 1901 patriam
381 1855 444 1887 suam
457 1840 530 1887 offen.
564 1838 639 1901 Igitur
650 1839 777 1886 Athenien·

101 1921 148 1962 ses,
160 1905 237 1952 audito
249 1904 315 1951 Darii
327 1905 434 1963 adventu,
445 1906 554 1952 auxilium
564 1920 579 1952 a
589 1903 777 1957 Lacedaemoniis,

102 1968 166 2019 socii
187 1979 237 2020 turn
250 1971 347 2026 civitate,
364 1971 500 2033 petiverunt.
533 1970 599 2024 Quos
614 1970 652 2016 ubi
670 1969 777 2016 viderunt

85 2035 213 2098 ,quatridui
225 2037 296 2082 teneri
307 2035 424 2097 religione,
440 2052 486 2082 non
497 2042 628 2097 exspectato
639 2034 730 2087 auxilio,
740 2034 777 2080 im

101 2101 195 2149 structis
206 2101 284 2147 decem
293 2102 390 2147 millibus
401 2101 492 2155 civium,
505 2111 528 2146 et
540 2098 704 2147 Plataeensibus
712 2099 776 2144 auxi-

99 2168 193 2215 liaribus
215 2166 283 2221 mille,
299 2166 406 2213 adversus
424 2173 532 2213 sexcenta
547 2166 617 2211 millia
635 2164 733 2209 hostium
751 2164 776 2210 in

100 2245 195 2294 campos
206 2230 366 2278 Marathonios
375 2233 400 2277 in
410 2232 515 2293 proelium
533 2230 686 2292 egrediuntur.
719 2228 776 2275 Mil-

100 2297 174 2345 tiades
189 2303 213 2343 et
229 2296 276 2342 dux
293 2296 344 2343 belli
361 2304 415 2351 erat,
432 2307 456 2343 et
470 2303 549 2342 auctor
566 2309 612 2341 non
632 2293 776 2355 exspectandi

101 2362 194 2410 auxilii:
214 2376 281 2422 quem
293 2369 356 2408 tants
371 2360 454 2408 fiducia
470 2367 565 2423 ceperat,
580 2366 607 2406 ut
618 2359 668 2420 plus
678 2358 776 2421 praesidii

100 2429 125 2475 in
137 2426 259 2480 eeleritate,
270 2441 338 2487 quam
348 2427 373 2473 in
384 2427 457 2480 sociis,
474 2427 573 2472 duceret.
606 2424 697 2485 Magna
706 2424 781 2487 igitur

99 2492 125 2539 in
136 2506 238 2555 pugnam
249 2492 353 2538 euntibus
363 2491 467 2552 alteritas
477 2492 603 2538 animorum
613 2489 663 2543 suit,
675 2489 732 2535 adeo
743 2494 776 2543 ut,

101 2572 154 2605 curn
166 2556 229 2604 mille
238 2572 317 2619 passus
328 2558 387 2603 inter
397 2557 453 2603 duas
464 2557 524 2603 acies
540 2562 622 2609 essent,
631 2556 700 2600 citato
709 2566 776 2599 cursu

101 2630 155 2671 ante
169 2623 259 2685 jactum
276 2621 409 2684 sagittarum
428 2621 457 2668 ad
476 2623 564 2668 hostem
580 2618 691 2667 venerint.
723 2615 777 2663 Nee

100 2688 210 2746 sudaeiae,
224 2688 274 2752 ejm
289 2695 385 2737 eventus
403 2685 491 2737 deluitt
517 2694 645 2750 pugnaturn
660 2688 697 2730 est
715 2682 776 2729 euim
