<?xml version="1.0" encoding="UTF-8"?>
<!DOCTYPE html PUBLIC "-//W3C//DTD XHTML 1.0 Transitional//EN"
    "http://www.w3.org/TR/xhtml1/DTD/xhtml1-transitional.dtd">
<html xmlns="http://www.w3.org/1999/xhtml" xml:lang="en" lang="en">
 <head>
  <title>
</title>
<meta http-equiv="Content-Type" content="text/html;charset=utf-8" />
  <meta name='ocr-system' content='tesseract 3.04.00' />
  <meta name='ocr-capabilities' content='ocr_page ocr_carea ocr_par ocr_line ocrx_word'/>
</head>
<body>
  <div class='ocr_page' id='page_1' title='image "./quaeintegrasupe00grongoog_0516.png"; bbox 0 0 1800 2942; ppageno 0'>
   <div class='ocr_carea' id='block_1_1' title="bbox 141 142 685 197">
    <p class='ocr_par' dir='ltr' id='par_1_1' title="bbox 141 142 685 197">
     <span class='ocr_line' id='line_1_1' title="bbox 141 142 685 197; baseline 0 -4"><span class='ocrx_word' id='word_1_1' title='bbox 141 150 190 194; x_wconf 78' lang='lat'><strong>412</strong></span> <span class='ocrx_word' id='word_1_2' title='bbox 262 145 399 197; x_wconf 85' lang='lat' dir='ltr'>JUSTINI</span> <span class='ocrx_word' id='word_1_3' title='bbox 416 144 469 195; x_wconf 80' lang='lat' dir='ltr'><strong>Lu.</strong></span> <span class='ocrx_word' id='word_1_4' title='bbox 479 142 575 196; x_wconf 83' lang='lat' dir='ltr'>XLIII.</span> <span class='ocrx_word' id='word_1_5' title='bbox 592 143 685 195; x_wconf 70' lang='lat' dir='ltr'><strong>Cael.</strong></span> 
     </span>
    </p>
   </div>
   <div class='ocr_carea' id='block_1_2' title="bbox 50 273 879 2735">
    <p class='ocr_par' dir='ltr' id='par_1_2' title="bbox 50 273 879 1891">
     <span class='ocr_line' id='line_1_2' title="bbox 144 273 816 339; baseline -0.004 -15"><span class='ocrx_word' id='word_1_6' title='bbox 144 274 202 324; x_wconf 78' lang='lat' dir='ltr'><strong>Ant</strong></span> <span class='ocrx_word' id='word_1_7' title='bbox 217 275 388 325; x_wconf 84' lang='lat' dir='ltr'><strong>Pbocreensium</strong></span> <span class='ocrx_word' id='word_1_8' title='bbox 399 277 516 339; x_wconf 83' lang='lat' dir='ltr'><strong>juventus,</strong></span> <span class='ocrx_word' id='word_1_9' title='bbox 535 277 594 323; x_wconf 85' lang='lat' dir='ltr'><strong>ostio</strong></span> <span class='ocrx_word' id='word_1_10' title='bbox 604 273 695 322; x_wconf 80' lang='lat' dir='ltr'><strong>&#39;liberis</strong></span> <span class='ocrx_word' id='word_1_11' title='bbox 714 275 816 330; x_wconf 82' lang='lat' dir='ltr'><strong>invecta,</strong></span> 
     </span>
     <span class='ocr_line' id='line_1_3' title="bbox 143 341 818 403; baseline -0.003 -14"><span class='ocrx_word' id='word_1_12' title='bbox 143 342 264 389; x_wconf 68' lang='lat' dir='ltr'><strong>amicitiem</strong></span> <span class='ocrx_word' id='word_1_13' title='bbox 286 358 336 389; x_wconf 89' lang='lat' dir='ltr'><strong>cum</strong></span> <span class='ocrx_word' id='word_1_14' title='bbox 360 341 470 389; x_wconf 85' lang='lat' dir='ltr'><strong>Romanis</strong></span> <span class='ocrx_word' id='word_1_15' title='bbox 488 342 579 403; x_wconf 80' lang='lat' dir='ltr'><strong>junxit:</strong></span> <span class='ocrx_word' id='word_1_16' title='bbox 604 341 656 386; x_wconf 92' lang='lat' dir='ltr'><strong>inde</strong></span> <span class='ocrx_word' id='word_1_17' title='bbox 674 341 700 386; x_wconf 89' lang='lat' dir='ltr'><strong>in</strong></span> <span class='ocrx_word' id='word_1_18' title='bbox 719 341 818 387; x_wconf 85' lang='lat' dir='ltr'><strong>ultimos</strong></span> 
     </span>
     <span class='ocr_line' id='line_1_4' title="bbox 145 403 817 468; baseline -0.003 -14"><span class='ocrx_word' id='word_1_19' title='bbox 145 406 228 454; x_wconf 73' lang='lat' dir='ltr'><strong>Gallia</strong></span> <span class='ocrx_word' id='word_1_20' title='bbox 242 408 307 454; x_wconf 79' lang='lat' dir='ltr'><strong>sinus</strong></span> <span class='ocrx_word' id='word_1_21' title='bbox 319 409 412 453; x_wconf 78' lang='lat' dir='ltr'><strong>nuribus</strong></span> <span class='ocrx_word' id='word_1_22' title='bbox 427 406 533 468; x_wconf 78' lang='lat' dir='ltr'><strong>prolecta,</strong></span> <span class='ocrx_word' id='word_1_23' title='bbox 550 405 675 452; x_wconf 82' lang='lat' dir='ltr'><strong>Massiliam</strong></span> <span class='ocrx_word' id='word_1_24' title='bbox 692 406 755 452; x_wconf 90' lang='lat' dir='ltr'><strong>inter</strong></span> <span class='ocrx_word' id='word_1_25' title='bbox 773 403 817 452; x_wconf 79' lang='lat' dir='ltr'><strong>Li-</strong></span> 
     </span>
     <span class='ocr_line' id='line_1_5' title="bbox 143 471 817 535; baseline -0.001 -17"><span class='ocrx_word' id='word_1_26' title='bbox 143 486 213 534; x_wconf 81' lang='lat' dir='ltr'><strong>gures</strong></span> <span class='ocrx_word' id='word_1_27' title='bbox 222 480 246 518; x_wconf 92' lang='lat' dir='ltr'><strong>et</strong></span> <span class='ocrx_word' id='word_1_28' title='bbox 256 471 315 518; x_wconf 83' lang='lat' dir='ltr'><strong>ierus</strong></span> <span class='ocrx_word' id='word_1_29' title='bbox 325 480 406 535; x_wconf 78' lang='lat' dir='ltr'>gentes</span> <span class='ocrx_word' id='word_1_30' title='bbox 417 471 536 518; x_wconf 89' lang='lat' dir='ltr'><strong>Gallorum</strong></span> <span class='ocrx_word' id='word_1_31' title='bbox 545 471 644 516; x_wconf 83' lang='lat' dir='ltr'>condidit</span> <span class='ocrx_word' id='word_1_32' title='bbox 650 487 658 525; x_wconf 88' lang='lat'>;</span> <span class='ocrx_word' id='word_1_33' title='bbox 670 484 817 531; x_wconf 81' lang='lat' dir='ltr'><strong>magnasque</strong></span> 
     </span>
     <span class='ocr_line' id='line_1_6' title="bbox 144 534 816 589; baseline -0.004 -6"><span class='ocrx_word' id='word_1_34' title='bbox 144 551 188 589; x_wconf 84' lang='lat' dir='ltr'><strong>res,</strong></span> <span class='ocrx_word' id='word_1_35' title='bbox 200 537 249 583; x_wconf 87' lang='lat' dir='ltr'><strong>sive</strong></span> <span class='ocrx_word' id='word_1_36' title='bbox 263 538 315 583; x_wconf 88' lang='lat' dir='ltr'><strong>dum</strong></span> <span class='ocrx_word' id='word_1_37' title='bbox 333 538 400 583; x_wconf 90' lang='lat' dir='ltr'><strong>armis</strong></span> <span class='ocrx_word' id='word_1_38' title='bbox 417 551 442 582; x_wconf 84' lang='lat' dir='ltr'><strong>se</strong></span> <span class='ocrx_word' id='word_1_39' title='bbox 457 536 564 581; x_wconf 72' lang='lat' dir='ltr'><strong>adversus</strong></span> <span class='ocrx_word' id='word_1_40' title='bbox 575 534 686 582; x_wconf 82' lang='lat' dir='ltr'><strong>Gallicam</strong></span> <span class='ocrx_word' id='word_1_41' title='bbox 698 534 816 580; x_wconf 84' lang='lat' dir='ltr'><strong>feritatem</strong></span> 
     </span>
     <span class='ocr_line' id='line_1_7' title="bbox 145 597 818 658; baseline -0.003 -11"><span class='ocrx_word' id='word_1_42' title='bbox 145 607 243 654; x_wconf 74' lang='lat' dir='ltr'><strong>urentur.</strong></span> <span class='ocrx_word' id='word_1_43' title='bbox 261 602 309 648; x_wconf 84' lang='lat' dir='ltr'><strong>aive</strong></span> <span class='ocrx_word' id='word_1_44' title='bbox 324 601 376 648; x_wconf 91' lang='lat' dir='ltr'><strong>dum</strong></span> <span class='ocrx_word' id='word_1_45' title='bbox 393 601 453 648; x_wconf 87' lang='lat' dir='ltr'><strong>ultro</strong></span> <span class='ocrx_word' id='word_1_46' title='bbox 469 600 588 652; x_wconf 82' lang='lat' dir='ltr'><strong>lacessunt,</strong></span> <span class='ocrx_word' id='word_1_47' title='bbox 602 601 707 658; x_wconf 79' lang='lat' dir='ltr'><strong>aquibus</strong></span> <span class='ocrx_word' id='word_1_48' title='bbox 722 597 818 645; x_wconf 81' lang='lat' dir='ltr'><strong>fuerant</strong></span> 
     </span>
     <span class='ocr_line' id='line_1_8' title="bbox 143 662 817 728; baseline -0.003 -17"><span class='ocrx_word' id='word_1_49' title='bbox 143 673 197 712; x_wconf 82' lang='lat' dir='ltr'><strong>ante</strong></span> <span class='ocrx_word' id='word_1_50' title='bbox 223 666 327 720; x_wconf 74' lang='lat' dir='ltr'><strong>lacessiti,</strong></span> <span class='ocrx_word' id='word_1_51' title='bbox 352 672 479 728; x_wconf 87' lang='lat' dir='ltr'><strong>gesserunt.</strong></span> <span class='ocrx_word' id='word_1_52' title='bbox 524 663 630 725; x_wconf 84' lang='lat' dir='ltr'><strong>Namque</strong></span> <span class='ocrx_word' id='word_1_53' title='bbox 652 662 817 718; x_wconf 80' lang='lat' dir='ltr'><strong>Phocaeenses,</strong></span> 
     </span>
     <span class='ocr_line' id='line_1_9' title="bbox 143 729 817 792; baseline -0.001 -16"><span class='ocrx_word' id='word_1_54' title='bbox 143 730 267 792; x_wconf 80' lang='lat' dir='ltr'><strong>exiguitate</strong></span> <span class='ocrx_word' id='word_1_55' title='bbox 286 746 313 777; x_wconf 85' lang='lat' dir='ltr'><strong>nc</strong></span> <span class='ocrx_word' id='word_1_56' title='bbox 331 731 403 778; x_wconf 90' lang='lat' dir='ltr'><strong>macie</strong></span> <span class='ocrx_word' id='word_1_57' title='bbox 422 740 489 776; x_wconf 77' lang='lat' dir='ltr'><strong>terrae</strong></span> <span class='ocrx_word' id='word_1_58' title='bbox 508 729 585 778; x_wconf 77' lang='lat' dir='ltr'><strong>coacti.</strong></span> <span class='ocrx_word' id='word_1_59' title='bbox 608 729 733 774; x_wconf 74' lang='lat' dir='ltr'><strong>studiosius</strong></span> <span class='ocrx_word' id='word_1_60' title='bbox 750 743 817 775; x_wconf 86' lang='lat' dir='ltr'><strong>mare</strong></span> 
     </span>
     <span class='ocr_line' id='line_1_10' title="bbox 143 792 816 856; baseline -0.003 -15"><span class='ocrx_word' id='word_1_61' title='bbox 143 808 210 854; x_wconf 83' lang='lat' dir='ltr'><strong>quarn</strong></span> <span class='ocrx_word' id='word_1_62' title='bbox 232 800 303 841; x_wconf 84' lang='lat' dir='ltr'><strong>terras</strong></span> <span class='ocrx_word' id='word_1_63' title='bbox 324 792 458 842; x_wconf 70' lang='lat' dir='ltr'><strong>exercuere:</strong></span> <span class='ocrx_word' id='word_1_64' title='bbox 478 794 591 856; x_wconf 74' lang='lat' dir='ltr'><strong>piscando,</strong></span> <span class='ocrx_word' id='word_1_65' title='bbox 614 793 742 846; x_wconf 89' lang='lat' dir='ltr'><strong>mercando,</strong></span> <span class='ocrx_word' id='word_1_66' title='bbox 764 793 816 854; x_wconf 81' lang='lat' dir='ltr'><strong>ple·</strong></span> 
     </span>
     <span class='ocr_line' id='line_1_11' title="bbox 144 857 817 919; baseline -0.003 -14"><span class='ocrx_word' id='word_1_67' title='bbox 144 873 239 919; x_wconf 87' lang='lat' dir='ltr'><strong>rumque</strong></span> <span class='ocrx_word' id='word_1_68' title='bbox 255 860 322 905; x_wconf 84' lang='lat' dir='ltr'><strong>etiarn</strong></span> <span class='ocrx_word' id='word_1_69' title='bbox 339 860 457 905; x_wconf 85' lang='lat' dir='ltr'><strong>lutrocinio</strong></span> <span class='ocrx_word' id='word_1_70' title='bbox 473 860 546 911; x_wconf 87' lang='lat' dir='ltr'><strong>maris,</strong></span> <span class='ocrx_word' id='word_1_71' title='bbox 565 858 625 919; x_wconf 90' lang='lat' dir='ltr'><strong>quod</strong></span> <span class='ocrx_word' id='word_1_72' title='bbox 641 858 686 904; x_wconf 81' lang='lat' dir='ltr'><strong>illis</strong></span> <span class='ocrx_word' id='word_1_73' title='bbox 701 857 817 918; x_wconf 86' lang='lat' dir='ltr'><strong>tempori·</strong></span> 
     </span>
     <span class='ocr_line' id='line_1_12' title="bbox 142 919 814 984; baseline -0.003 -15"><span class='ocrx_word' id='word_1_74' title='bbox 142 922 186 969; x_wconf 89' lang='lat' dir='ltr'><strong>bus</strong></span> <span class='ocrx_word' id='word_1_75' title='bbox 196 923 276 984; x_wconf 78' lang='lat' dir='ltr'><strong>gloriae</strong></span> <span class='ocrx_word' id='word_1_76' title='bbox 294 924 422 977; x_wconf 84' lang='lat' dir='ltr'><strong>habebatur,</strong></span> <span class='ocrx_word' id='word_1_77' title='bbox 441 924 510 971; x_wconf 86' lang='lat' dir='ltr'><strong>vitam</strong></span> <span class='ocrx_word' id='word_1_78' title='bbox 529 923 661 970; x_wconf 78' lang='lat' dir='ltr'><strong>tolerabant</strong></span> <span class='ocrx_word' id='word_1_79' title='bbox 694 919 779 983; x_wconf 74' lang='lat' dir='ltr'><strong>Itaque</strong></span> <span class='ocrx_word' id='word_1_80' title='bbox 789 922 814 967; x_wconf 87' lang='lat' dir='ltr'><strong>in</strong></span> 
     </span>
     <span class='ocr_line' id='line_1_13' title="bbox 144 987 816 1049; baseline 0 -16"><span class='ocrx_word' id='word_1_81' title='bbox 144 987 246 1033; x_wconf 86' lang='lat' dir='ltr'><strong>ultimam</strong></span> <span class='ocrx_word' id='word_1_82' title='bbox 258 987 345 1034; x_wconf 85' lang='lat' dir='ltr'><strong>Oceani</strong></span> <span class='ocrx_word' id='word_1_83' title='bbox 357 1003 419 1035; x_wconf 79' lang='lat' dir='ltr'><strong>orem</strong></span> <span class='ocrx_word' id='word_1_84' title='bbox 431 988 553 1049; x_wconf 84' lang='lat' dir='ltr'><strong>procedere</strong></span> <span class='ocrx_word' id='word_1_85' title='bbox 562 988 618 1041; x_wconf 81' lang='lat' dir='ltr'><strong>nusi,</strong></span> <span class='ocrx_word' id='word_1_86' title='bbox 629 987 653 1033; x_wconf 90' lang='lat' dir='ltr'><strong>in</strong></span> <span class='ocrx_word' id='word_1_87' title='bbox 667 987 742 1037; x_wconf 87' lang='lat' dir='ltr'><strong>sinum</strong></span> <span class='ocrx_word' id='word_1_88' title='bbox 756 987 816 1033; x_wconf 85' lang='lat' dir='ltr'><strong>Gal-</strong></span> 
     </span>
     <span class='ocr_line' id='line_1_14' title="bbox 143 1050 817 1114; baseline -0.001 -16"><span class='ocrx_word' id='word_1_89' title='bbox 143 1051 212 1098; x_wconf 86' lang='lat' dir='ltr'><strong>licum</strong></span> <span class='ocrx_word' id='word_1_90' title='bbox 234 1053 292 1099; x_wconf 88' lang='lat' dir='ltr'><strong>ostio</strong></span> <span class='ocrx_word' id='word_1_91' title='bbox 315 1052 420 1100; x_wconf 79' lang='lat' dir='ltr'><strong>Rhodani</strong></span> <span class='ocrx_word' id='word_1_92' title='bbox 440 1053 513 1099; x_wconf 88' lang='lat' dir='ltr'><strong>amnis</strong></span> <span class='ocrx_word' id='word_1_93' title='bbox 534 1050 659 1098; x_wconf 70' lang='lat' dir='ltr'><strong>deuoueret</strong></span> <span class='ocrx_word' id='word_1_94' title='bbox 685 1053 750 1114; x_wconf 87' lang='lat' dir='ltr'><strong>cujus</strong></span> <span class='ocrx_word' id='word_1_95' title='bbox 770 1051 817 1097; x_wconf 85' lang='lat' dir='ltr'><strong>loci</strong></span> 
     </span>
     <span class='ocr_line' id='line_1_15' title="bbox 145 1116 818 1179; baseline 0.001 -17"><span class='ocrx_word' id='word_1_96' title='bbox 145 1116 277 1165; x_wconf 83' lang='lat' dir='ltr'><strong>emoenitnte</strong></span> <span class='ocrx_word' id='word_1_97' title='bbox 299 1119 364 1179; x_wconf 86' lang='lat' dir='ltr'><strong>capti,</strong></span> <span class='ocrx_word' id='word_1_98' title='bbox 387 1119 471 1164; x_wconf 83' lang='lat' dir='ltr'><strong>reversi</strong></span> <span class='ocrx_word' id='word_1_99' title='bbox 494 1118 593 1171; x_wconf 90' lang='lat' dir='ltr'><strong>domum,</strong></span> <span class='ocrx_word' id='word_1_100' title='bbox 615 1116 740 1163; x_wconf 86' lang='lat' dir='ltr'><strong>reserentes</strong></span> <span class='ocrx_word' id='word_1_101' title='bbox 764 1131 818 1177; x_wconf 83' lang='lat' dir='ltr'><strong>quoe</strong></span> 
     </span>
     <span class='ocr_line' id='line_1_16' title="bbox 144 1179 817 1243; baseline -0.001 -14"><span class='ocrx_word' id='word_1_102' title='bbox 144 1181 254 1237; x_wconf 86' lang='lat' dir='ltr'><strong>viderant,</strong></span> <span class='ocrx_word' id='word_1_103' title='bbox 269 1182 343 1243; x_wconf 85' lang='lat' dir='ltr'><strong>plures</strong></span> <span class='ocrx_word' id='word_1_104' title='bbox 360 1179 517 1229; x_wconf 68' lang='lat' dir='ltr'><strong>sollicitavere.</strong></span> <span class='ocrx_word' id='word_1_105' title='bbox 549 1180 629 1228; x_wconf 88' lang='lat' dir='ltr'><strong>Duces</strong></span> <span class='ocrx_word' id='word_1_106' title='bbox 643 1181 723 1228; x_wconf 80' lang='lat' dir='ltr'><strong>classis</strong></span> <span class='ocrx_word' id='word_1_107' title='bbox 737 1181 817 1229; x_wconf 84' lang='lat' dir='ltr'><strong>Simos</strong></span> 
     </span>
     <span class='ocr_line' id='line_1_17' title="bbox 144 1244 816 1308; baseline 0 -15"><span class='ocrx_word' id='word_1_108' title='bbox 144 1252 170 1293; x_wconf 88' lang='lat' dir='ltr'><strong>et</strong></span> <span class='ocrx_word' id='word_1_109' title='bbox 190 1245 266 1293; x_wconf 88' lang='lat' dir='ltr'><strong>Protis</strong></span> <span class='ocrx_word' id='word_1_110' title='bbox 292 1244 361 1294; x_wconf 67' lang='lat' dir='ltr'><strong>fuere.</strong></span> <span class='ocrx_word' id='word_1_111' title='bbox 406 1244 487 1308; x_wconf 83' lang='lat' dir='ltr'><strong>ltaque</strong></span> <span class='ocrx_word' id='word_1_112' title='bbox 514 1261 590 1308; x_wconf 85' lang='lat' dir='ltr'><strong>regem</strong></span> <span class='ocrx_word' id='word_1_113' title='bbox 618 1246 816 1308; x_wconf 83' lang='lat' dir='ltr'><strong>Segobrigiorum,</strong></span> 
     </span>
     <span class='ocr_line' id='line_1_18' title="bbox 143 1309 817 1374; baseline -0.001 -15"><span class='ocrx_word' id='word_1_114' title='bbox 143 1309 253 1359; x_wconf 87' lang='lat' dir='ltr'><strong>Nannum</strong></span> <span class='ocrx_word' id='word_1_115' title='bbox 271 1313 368 1364; x_wconf 88' lang='lat' dir='ltr'><strong>nomine,</strong></span> <span class='ocrx_word' id='word_1_116' title='bbox 387 1311 410 1357; x_wconf 91' lang='lat' dir='ltr'><strong>in</strong></span> <span class='ocrx_word' id='word_1_117' title='bbox 428 1313 492 1374; x_wconf 83' lang='lat' dir='ltr'><strong>cujus</strong></span> <span class='ocrx_word' id='word_1_118' title='bbox 511 1309 591 1357; x_wconf 88' lang='lat' dir='ltr'><strong>linibus</strong></span> <span class='ocrx_word' id='word_1_119' title='bbox 614 1312 691 1356; x_wconf 89' lang='lat' dir='ltr'><strong>urbem</strong></span> <span class='ocrx_word' id='word_1_120' title='bbox 714 1311 817 1358; x_wconf 86' lang='lat' dir='ltr'><strong>condere</strong></span> 
     </span>
     <span class='ocr_line' id='line_1_19' title="bbox 144 1374 818 1439; baseline 0 -16"><span class='ocrx_word' id='word_1_121' title='bbox 144 1377 277 1439; x_wconf 74' lang='lat' dir='ltr'><strong>gestiebant,</strong></span> <span class='ocrx_word' id='word_1_122' title='bbox 297 1377 417 1423; x_wconf 86' lang='lat' dir='ltr'><strong>amicitiam</strong></span> <span class='ocrx_word' id='word_1_123' title='bbox 439 1383 543 1438; x_wconf 88' lang='lat' dir='ltr'><strong>petentes</strong></span> <span class='ocrx_word' id='word_1_124' title='bbox 562 1376 708 1422; x_wconf 80' lang='lat' dir='ltr'><strong>conveniunt.</strong></span> <span class='ocrx_word' id='word_1_125' title='bbox 745 1374 818 1423; x_wconf 83' lang='lat' dir='ltr'><strong>Forte</strong></span> 
     </span>
     <span class='ocr_line' id='line_1_20' title="bbox 144 1441 817 1503; baseline 0 -15"><span class='ocrx_word' id='word_1_126' title='bbox 144 1456 173 1488; x_wconf 82' lang='lat' dir='ltr'><strong>eo</strong></span> <span class='ocrx_word' id='word_1_127' title='bbox 184 1441 220 1488; x_wconf 90' lang='lat' dir='ltr'><strong>die</strong></span> <span class='ocrx_word' id='word_1_128' title='bbox 231 1456 271 1488; x_wconf 85' lang='lat' dir='ltr'><strong>rex</strong></span> <span class='ocrx_word' id='word_1_129' title='bbox 286 1447 408 1503; x_wconf 87' lang='lat' dir='ltr'><strong>occupatus</strong></span> <span class='ocrx_word' id='word_1_130' title='bbox 423 1442 447 1487; x_wconf 90' lang='lat' dir='ltr'><strong>in</strong></span> <span class='ocrx_word' id='word_1_131' title='bbox 463 1447 568 1502; x_wconf 84' lang='lat' dir='ltr'><strong>apparatu</strong></span> <span class='ocrx_word' id='word_1_132' title='bbox 587 1441 717 1501; x_wconf 76' lang='lat' dir='ltr'><strong>nuptiarum</strong></span> <span class='ocrx_word' id='word_1_133' title='bbox 730 1441 817 1503; x_wconf 81' lang='lat' dir='ltr'><strong>Gyptir</strong></span> 
     </span>
     <span class='ocr_line' id='line_1_21' title="bbox 144 1504 817 1567; baseline 0.001 -15"><span class='ocrx_word' id='word_1_134' title='bbox 144 1504 198 1552; x_wconf 76' lang='lat' dir='ltr'><strong>filia</strong></span> <span class='ocrx_word' id='word_1_135' title='bbox 213 1515 277 1562; x_wconf 81' lang='lat' dir='ltr'><strong>erat3</strong></span> <span class='ocrx_word' id='word_1_136' title='bbox 294 1521 368 1567; x_wconf 85' lang='lat' dir='ltr'><strong>quarn,</strong></span> <span class='ocrx_word' id='word_1_137' title='bbox 384 1520 448 1553; x_wconf 89' lang='lat' dir='ltr'><strong>more</strong></span> <span class='ocrx_word' id='word_1_138' title='bbox 466 1506 549 1566; x_wconf 83' lang='lat' dir='ltr'><strong>gentis,</strong></span> <span class='ocrx_word' id='word_1_139' title='bbox 569 1505 642 1552; x_wconf 89' lang='lat' dir='ltr'><strong>electo</strong></span> <span class='ocrx_word' id='word_1_140' title='bbox 659 1506 722 1551; x_wconf 86' lang='lat' dir='ltr'><strong>inter</strong></span> <span class='ocrx_word' id='word_1_141' title='bbox 737 1507 817 1567; x_wconf 81' lang='lat' dir='ltr'><strong>epulas</strong></span> 
     </span>
     <span class='ocr_line' id='line_1_22' title="bbox 143 1568 816 1634; baseline 0 -17"><span class='ocrx_word' id='word_1_142' title='bbox 143 1584 229 1632; x_wconf 86' lang='lat' dir='ltr'><strong>genero</strong></span> <span class='ocrx_word' id='word_1_143' title='bbox 245 1581 339 1634; x_wconf 90' lang='lat' dir='ltr'><strong>nuptum</strong></span> <span class='ocrx_word' id='word_1_144' title='bbox 359 1570 446 1618; x_wconf 84' lang='lat' dir='ltr'><strong>tradere</strong></span> <span class='ocrx_word' id='word_1_145' title='bbox 465 1570 509 1616; x_wconf 88' lang='lat' dir='ltr'><strong>illic</strong></span> <span class='ocrx_word' id='word_1_146' title='bbox 528 1570 626 1631; x_wconf 78' lang='lat' dir='ltr'><strong>parebat.</strong></span> <span class='ocrx_word' id='word_1_147' title='bbox 660 1568 745 1629; x_wconf 87' lang='lat' dir='ltr'><strong>ltaque</strong></span> <span class='ocrx_word' id='word_1_148' title='bbox 762 1586 816 1617; x_wconf 84' lang='lat' dir='ltr'><strong>curn</strong></span> 
     </span>
     <span class='ocr_line' id='line_1_23' title="bbox 143 1636 816 1698; baseline 0.003 -17"><span class='ocrx_word' id='word_1_149' title='bbox 143 1636 172 1682; x_wconf 86' lang='lat' dir='ltr'><strong>ad</strong></span> <span class='ocrx_word' id='word_1_150' title='bbox 188 1637 279 1698; x_wconf 86' lang='lat' dir='ltr'><strong>nuptias</strong></span> <span class='ocrx_word' id='word_1_151' title='bbox 298 1637 387 1683; x_wconf 86' lang='lat' dir='ltr'><strong>invitati</strong></span> <span class='ocrx_word' id='word_1_152' title='bbox 412 1650 491 1682; x_wconf 86' lang='lat' dir='ltr'><strong>ornnes</strong></span> <span class='ocrx_word' id='word_1_153' title='bbox 512 1636 573 1695; x_wconf 91' lang='lat' dir='ltr'><strong>proci</strong></span> <span class='ocrx_word' id='word_1_154' title='bbox 595 1642 680 1688; x_wconf 89' lang='lat' dir='ltr'><strong>essent,</strong></span> <span class='ocrx_word' id='word_1_155' title='bbox 704 1645 816 1697; x_wconf 83' lang='lat' dir='ltr'><strong>rogantur</strong></span> 
     </span>
     <span class='ocr_line' id='line_1_24' title="bbox 143 1697 815 1762; baseline 0.003 -16"><span class='ocrx_word' id='word_1_156' title='bbox 143 1700 212 1746; x_wconf 90' lang='lat' dir='ltr'><strong>etiam</strong></span> <span class='ocrx_word' id='word_1_157' title='bbox 235 1700 312 1748; x_wconf 75' lang='lat' dir='ltr'><strong>Graeei</strong></span> <span class='ocrx_word' id='word_1_158' title='bbox 335 1701 433 1762; x_wconf 85' lang='lat' dir='ltr'><strong>hospites</strong></span> <span class='ocrx_word' id='word_1_159' title='bbox 455 1700 482 1746; x_wconf 89' lang='lat' dir='ltr'><strong>ad</strong></span> <span class='ocrx_word' id='word_1_160' title='bbox 504 1700 642 1746; x_wconf 83' lang='lat' dir='ltr'><strong>convivium.</strong></span> <span class='ocrx_word' id='word_1_161' title='bbox 676 1697 815 1748; x_wconf 77' lang='lat' dir='ltr'><strong>Introducta</strong></span> 
     </span>
     <span class='ocr_line' id='line_1_25' title="bbox 144 1763 817 1828; baseline 0.001 -18"><span class='ocrx_word' id='word_1_162' title='bbox 144 1763 225 1811; x_wconf 87' lang='lat' dir='ltr'><strong>deinde</strong></span> <span class='ocrx_word' id='word_1_163' title='bbox 240 1766 314 1827; x_wconf 78' lang='lat' dir='ltr'><strong>uirgo,</strong></span> <span class='ocrx_word' id='word_1_164' title='bbox 333 1780 383 1812; x_wconf 90' lang='lat' dir='ltr'><strong>cum</strong></span> <span class='ocrx_word' id='word_1_165' title='bbox 399 1765 517 1827; x_wconf 87' lang='lat' dir='ltr'><strong>juberetur</strong></span> <span class='ocrx_word' id='word_1_166' title='bbox 532 1778 545 1810; x_wconf 91' lang='lat' dir='ltr'><strong>a</strong></span> <span class='ocrx_word' id='word_1_167' title='bbox 561 1772 625 1826; x_wconf 85' lang='lat' dir='ltr'><strong>putre</strong></span> <span class='ocrx_word' id='word_1_168' title='bbox 643 1777 727 1823; x_wconf 86' lang='lat' dir='ltr'><strong>aquam</strong></span> <span class='ocrx_word' id='word_1_169' title='bbox 744 1766 817 1828; x_wconf 87' lang='lat' dir='ltr'><strong>porri-</strong></span> 
     </span>
     <span class='ocr_line' id='line_1_26' title="bbox 50 1828 879 1891; baseline 0.001 -16"><span class='ocrx_word' id='word_1_170' title='bbox 50 1877 53 1880; x_wconf 65' lang='lat'><strong>,</strong></span> <span class='ocrx_word' id='word_1_171' title='bbox 143 1843 198 1890; x_wconf 86' lang='lat' dir='ltr'><strong>gere</strong></span> <span class='ocrx_word' id='word_1_172' title='bbox 209 1828 236 1883; x_wconf 81' lang='lat' dir='ltr'><strong>ei,</strong></span> <span class='ocrx_word' id='word_1_173' title='bbox 251 1844 318 1889; x_wconf 87' lang='lat' dir='ltr'><strong>quem</strong></span> <span class='ocrx_word' id='word_1_174' title='bbox 330 1830 403 1876; x_wconf 87' lang='lat' dir='ltr'><strong>virum</strong></span> <span class='ocrx_word' id='word_1_175' title='bbox 415 1830 515 1891; x_wconf 82' lang='lat' dir='ltr'><strong>eligeret,</strong></span> <span class='ocrx_word' id='word_1_176' title='bbox 526 1836 586 1881; x_wconf 89' lang='lat' dir='ltr'><strong>tunc,</strong></span> <span class='ocrx_word' id='word_1_177' title='bbox 599 1828 689 1874; x_wconf 85' lang='lat' dir='ltr'><strong>omissis</strong></span> <span class='ocrx_word' id='word_1_178' title='bbox 699 1831 814 1885; x_wconf 76' lang='lat' dir='ltr'><strong>omnibus,</strong></span> <span class='ocrx_word' id='word_1_179' title='bbox 878 1843 879 1848; x_wconf 54' lang='lat'>¹</span> 
     </span>
    </p>

    <p class='ocr_par' dir='ltr' id='par_1_3' title="bbox 142 1892 816 2406">
     <span class='ocr_line' id='line_1_27' title="bbox 144 1892 813 1956; baseline 0.003 -17"><span class='ocrx_word' id='word_1_180' title='bbox 144 1893 174 1939; x_wconf 87' lang='lat' dir='ltr'><strong>ad</strong></span> <span class='ocrx_word' id='word_1_181' title='bbox 187 1894 283 1941; x_wconf 83' lang='lat' dir='ltr'><strong>Groecos</strong></span> <span class='ocrx_word' id='word_1_182' title='bbox 305 1908 419 1950; x_wconf 79' lang='lat' dir='ltr'><strong>conversa,</strong></span> <span class='ocrx_word' id='word_1_183' title='bbox 442 1908 522 1954; x_wconf 84' lang='lat' dir='ltr'><strong>aquam</strong></span> <span class='ocrx_word' id='word_1_184' title='bbox 542 1892 607 1939; x_wconf 87' lang='lat' dir='ltr'><strong>Proti</strong></span> <span class='ocrx_word' id='word_1_185' title='bbox 628 1893 743 1955; x_wconf 73' lang='lat' dir='ltr'><strong>porrigit5</strong></span> <span class='ocrx_word' id='word_1_186' title='bbox 767 1897 813 1956; x_wconf 90' lang='lat' dir='ltr'><strong>qui,</strong></span> 
     </span>
     <span class='ocr_line' id='line_1_28' title="bbox 143 1956 816 2020; baseline 0.001 -15"><span class='ocrx_word' id='word_1_187' title='bbox 143 1956 217 2005; x_wconf 78' lang='lat' dir='ltr'><strong>foetus</strong></span> <span class='ocrx_word' id='word_1_188' title='bbox 232 1973 262 2005; x_wconf 81' lang='lat' dir='ltr'><strong>ex</strong></span> <span class='ocrx_word' id='word_1_189' title='bbox 281 1960 367 2020; x_wconf 87' lang='lat' dir='ltr'><strong>hospite</strong></span> <span class='ocrx_word' id='word_1_190' title='bbox 384 1974 464 2020; x_wconf 87' lang='lat' dir='ltr'><strong>gener,</strong></span> <span class='ocrx_word' id='word_1_191' title='bbox 483 1959 558 2004; x_wconf 88' lang='lat' dir='ltr'><strong>locum</strong></span> <span class='ocrx_word' id='word_1_192' title='bbox 577 1957 702 2004; x_wconf 81' lang='lat' dir='ltr'><strong>condendae</strong></span> <span class='ocrx_word' id='word_1_193' title='bbox 723 1961 785 2006; x_wconf 88' lang='lat' dir='ltr'><strong>urbis</strong></span> <span class='ocrx_word' id='word_1_194' title='bbox 802 1974 816 2006; x_wconf 86' lang='lat' dir='ltr'><strong>s</strong></span> 
     </span>
     <span class='ocr_line' id='line_1_29' title="bbox 144 2021 814 2087; baseline 0.001 -18"><span class='ocrx_word' id='word_1_195' title='bbox 144 2037 224 2069; x_wconf 84' lang='lat' dir='ltr'><strong>socero</strong></span> <span class='ocrx_word' id='word_1_196' title='bbox 245 2024 337 2085; x_wconf 75' lang='lat' dir='ltr'><strong>accepit</strong></span> <span class='ocrx_word' id='word_1_197' title='bbox 371 2021 469 2072; x_wconf 87' lang='lat' dir='ltr'><strong>Condita</strong></span> <span class='ocrx_word' id='word_1_198' title='bbox 484 2024 553 2084; x_wconf 87' lang='lat' dir='ltr'><strong>igitur</strong></span> <span class='ocrx_word' id='word_1_199' title='bbox 569 2021 674 2069; x_wconf 84' lang='lat' dir='ltr'><strong>Massilia</strong></span> <span class='ocrx_word' id='word_1_200' title='bbox 692 2031 728 2070; x_wconf 87' lang='lat' dir='ltr'><strong>est</strong></span> <span class='ocrx_word' id='word_1_201' title='bbox 746 2038 814 2087; x_wconf 83' lang='lat' dir='ltr'><strong>prope</strong></span> 
     </span>
     <span class='ocr_line' id='line_1_30' title="bbox 144 2087 813 2142; baseline 0.004 -9"><span class='ocrx_word' id='word_1_202' title='bbox 144 2088 203 2134; x_wconf 88' lang='lat' dir='ltr'><strong>ostia</strong></span> <span class='ocrx_word' id='word_1_203' title='bbox 213 2087 319 2135; x_wconf 87' lang='lat' dir='ltr'><strong>Rhodani</strong></span> <span class='ocrx_word' id='word_1_204' title='bbox 329 2089 409 2142; x_wconf 87' lang='lat' dir='ltr'><strong>amnis,</strong></span> <span class='ocrx_word' id='word_1_205' title='bbox 424 2089 447 2134; x_wconf 93' lang='lat' dir='ltr'><strong>in</strong></span> <span class='ocrx_word' id='word_1_206' title='bbox 463 2096 550 2134; x_wconf 91' lang='lat' dir='ltr'><strong>remoto</strong></span> <span class='ocrx_word' id='word_1_207' title='bbox 565 2088 623 2139; x_wconf 70' lang='lat' dir='ltr'><strong>sinu.</strong></span> <span class='ocrx_word' id='word_1_208' title='bbox 640 2087 712 2133; x_wconf 82' lang='lat' dir='ltr'><strong>veluti</strong></span> <span class='ocrx_word' id='word_1_209' title='bbox 732 2089 756 2135; x_wconf 90' lang='lat' dir='ltr'><strong>in</strong></span> <span class='ocrx_word' id='word_1_210' title='bbox 773 2104 813 2136; x_wconf 84' lang='lat' dir='ltr'><strong>au·</strong></span> 
     </span>
     <span class='ocr_line' id='line_1_31' title="bbox 143 2151 815 2214; baseline 0.006 -17"><span class='ocrx_word' id='word_1_211' title='bbox 143 2152 199 2211; x_wconf 85' lang='lat' dir='ltr'><strong>gulo</strong></span> <span class='ocrx_word' id='word_1_212' title='bbox 215 2153 290 2198; x_wconf 88' lang='lat' dir='ltr'><strong>maris.</strong></span> <span class='ocrx_word' id='word_1_213' title='bbox 323 2152 368 2199; x_wconf 89' lang='lat' dir='ltr'><strong>Sed</strong></span> <span class='ocrx_word' id='word_1_214' title='bbox 386 2151 491 2214; x_wconf 81' lang='lat' dir='ltr'><strong>Ligures,</strong></span> <span class='ocrx_word' id='word_1_215' title='bbox 509 2152 659 2197; x_wconf 80' lang='lat' dir='ltr'><strong>incrementis</strong></span> <span class='ocrx_word' id='word_1_216' title='bbox 673 2153 738 2199; x_wconf 87' lang='lat' dir='ltr'><strong>urbis</strong></span> <span class='ocrx_word' id='word_1_217' title='bbox 755 2154 815 2201; x_wconf 81' lang='lat' dir='ltr'><strong>invi·</strong></span> 
     </span>
     <span class='ocr_line' id='line_1_32' title="bbox 142 2214 812 2281; baseline 0.009 -22"><span class='ocrx_word' id='word_1_218' title='bbox 142 2214 227 2270; x_wconf 87' lang='lat' dir='ltr'><strong>dentes,</strong></span> <span class='ocrx_word' id='word_1_219' title='bbox 246 2216 341 2263; x_wconf 83' lang='lat' dir='ltr'><strong>Graecos</strong></span> <span class='ocrx_word' id='word_1_220' title='bbox 355 2218 449 2263; x_wconf 82' lang='lat' dir='ltr'><strong>assiduis</strong></span> <span class='ocrx_word' id='word_1_221' title='bbox 460 2217 524 2264; x_wconf 89' lang='lat' dir='ltr'><strong>bellis</strong></span> <span class='ocrx_word' id='word_1_222' title='bbox 534 2215 675 2276; x_wconf 79' lang='lat' dir='ltr'><strong>fatigabant3</strong></span> <span class='ocrx_word' id='word_1_223' title='bbox 693 2219 742 2277; x_wconf 84' lang='lat' dir='ltr'><strong>qui,</strong></span> <span class='ocrx_word' id='word_1_224' title='bbox 754 2219 812 2281; x_wconf 90' lang='lat' dir='ltr'><strong>peri-</strong></span> 
     </span>
     <span class='ocr_line' id='line_1_33' title="bbox 143 2279 811 2341; baseline 0.009 -17"><span class='ocrx_word' id='word_1_225' title='bbox 143 2279 193 2324; x_wconf 89' lang='lat' dir='ltr'><strong>cula</strong></span> <span class='ocrx_word' id='word_1_226' title='bbox 200 2281 356 2341; x_wconf 88' lang='lat' dir='ltr'><strong>propulsando,</strong></span> <span class='ocrx_word' id='word_1_227' title='bbox 368 2282 390 2326; x_wconf 95' lang='lat' dir='ltr'><strong>iu</strong></span> <span class='ocrx_word' id='word_1_228' title='bbox 399 2288 486 2328; x_wconf 87' lang='lat' dir='ltr'><strong>tanturn</strong></span> <span class='ocrx_word' id='word_1_229' title='bbox 493 2282 628 2336; x_wconf 89' lang='lat' dir='ltr'><strong>enituerunt,</strong></span> <span class='ocrx_word' id='word_1_230' title='bbox 641 2288 673 2334; x_wconf 78' lang='lat' dir='ltr'><strong>ut,</strong></span> <span class='ocrx_word' id='word_1_231' title='bbox 683 2283 752 2329; x_wconf 86' lang='lat' dir='ltr'><strong>victis</strong></span> <span class='ocrx_word' id='word_1_232' title='bbox 760 2285 811 2330; x_wconf 79' lang='lat' dir='ltr'><strong>bos·</strong></span> 
     </span>
     <span class='ocr_line' id='line_1_34' title="bbox 142 2342 802 2406; baseline 0.012 -19"><span class='ocrx_word' id='word_1_233' title='bbox 142 2342 208 2396; x_wconf 85' lang='lat' dir='ltr'><strong>tibus,</strong></span> <span class='ocrx_word' id='word_1_234' title='bbox 219 2344 243 2389; x_wconf 90' lang='lat' dir='ltr'><strong>in</strong></span> <span class='ocrx_word' id='word_1_235' title='bbox 254 2345 348 2406; x_wconf 85' lang='lat' dir='ltr'><strong>captivis</strong></span> <span class='ocrx_word' id='word_1_236' title='bbox 358 2346 419 2406; x_wconf 86' lang='lat' dir='ltr'><strong>agris</strong></span> <span class='ocrx_word' id='word_1_237' title='bbox 429 2345 511 2392; x_wconf 86' lang='lat' dir='ltr'><strong>multas</strong></span> <span class='ocrx_word' id='word_1_238' title='bbox 517 2346 617 2392; x_wconf 88' lang='lat' dir='ltr'><strong>colonias</strong></span> <span class='ocrx_word' id='word_1_239' title='bbox 628 2345 802 2395; x_wconf 76' lang='lat' dir='ltr'><strong>constituerent.</strong></span> 
     </span>
    </p>

    <p class='ocr_par' dir='ltr' id='par_1_4' title="bbox 135 2404 811 2735">
     <span class='ocr_line' id='line_1_35' title="bbox 176 2404 810 2470; baseline 0.014 -20"><span class='ocrx_word' id='word_1_240' title='bbox 176 2404 222 2452; x_wconf 86' lang='lat' dir='ltr'><strong>IV.</strong></span> <span class='ocrx_word' id='word_1_241' title='bbox 240 2408 277 2454; x_wconf 84' lang='lat' dir='ltr'><strong>Ab</strong></span> <span class='ocrx_word' id='word_1_242' title='bbox 292 2410 327 2455; x_wconf 87' lang='lat' dir='ltr'><strong>his</strong></span> <span class='ocrx_word' id='word_1_243' title='bbox 342 2410 411 2470; x_wconf 86' lang='lat' dir='ltr'><strong>igitur</strong></span> <span class='ocrx_word' id='word_1_244' title='bbox 427 2409 489 2457; x_wconf 88' lang='lat' dir='ltr'><strong>Galli</strong></span> <span class='ocrx_word' id='word_1_245' title='bbox 507 2418 531 2456; x_wconf 93' lang='lat' dir='ltr'><strong>et</strong></span> <span class='ocrx_word' id='word_1_246' title='bbox 551 2425 615 2456; x_wconf 87' lang='lat' dir='ltr'><strong>usum</strong></span> <span class='ocrx_word' id='word_1_247' title='bbox 632 2410 687 2456; x_wconf 82' lang='lat' dir='ltr'><strong>vites</strong></span> <span class='ocrx_word' id='word_1_248' title='bbox 702 2413 810 2467; x_wconf 81' lang='lat' dir='ltr'><strong>cultioris,</strong></span> 
     </span>
     <span class='ocr_line' id='line_1_36' title="bbox 144 2468 810 2535; baseline 0.015 -21"><span class='ocrx_word' id='word_1_249' title='bbox 144 2468 245 2530; x_wconf 79' lang='lat' dir='ltr'><strong>depositi</strong></span> <span class='ocrx_word' id='word_1_250' title='bbox 255 2479 278 2517; x_wconf 86' lang='lat' dir='ltr'><strong>et</strong></span> <span class='ocrx_word' id='word_1_251' title='bbox 288 2472 441 2520; x_wconf 75' lang='lat' dir='ltr'><strong>mansuefacti</strong></span> <span class='ocrx_word' id='word_1_252' title='bbox 451 2472 559 2530; x_wconf 77' lang='lat' dir='ltr'><strong>burbarii,</strong></span> <span class='ocrx_word' id='word_1_253' title='bbox 570 2482 594 2521; x_wconf 88' lang='lat' dir='ltr'><strong>et</strong></span> <span class='ocrx_word' id='word_1_254' title='bbox 607 2489 717 2535; x_wconf 70' lang='lat' dir='ltr'><strong>agrorm</strong></span> <span class='ocrx_word' id='word_1_255' title='bbox 731 2478 810 2530; x_wconf 82' lang='lat' dir='ltr'><strong>cultus,</strong></span> 
     </span>
     <span class='ocr_line' id='line_1_37' title="bbox 141 2534 811 2600; baseline 0.015 -22"><span class='ocrx_word' id='word_1_256' title='bbox 141 2540 167 2578; x_wconf 87' lang='lat' dir='ltr'><strong>et</strong></span> <span class='ocrx_word' id='word_1_257' title='bbox 178 2534 243 2580; x_wconf 86' lang='lat' dir='ltr'><strong>urbes</strong></span> <span class='ocrx_word' id='word_1_258' title='bbox 258 2537 370 2583; x_wconf 86' lang='lat' dir='ltr'><strong>rnoenibus</strong></span> <span class='ocrx_word' id='word_1_259' title='bbox 385 2538 484 2600; x_wconf 83' lang='lat' dir='ltr'><strong>cingere,</strong></span> <span class='ocrx_word' id='word_1_260' title='bbox 501 2539 632 2585; x_wconf 88' lang='lat' dir='ltr'><strong>didicerunt.</strong></span> <span class='ocrx_word' id='word_1_261' title='bbox 664 2537 736 2586; x_wconf 89' lang='lat' dir='ltr'><strong>Tunc</strong></span> <span class='ocrx_word' id='word_1_262' title='bbox 746 2540 811 2588; x_wconf 79' lang='lat' dir='ltr'><strong>etle-</strong></span> 
     </span>
     <span class='ocr_line' id='line_1_38' title="bbox 141 2596 806 2667; baseline 0.014 -26"><span class='ocrx_word' id='word_1_263' title='bbox 141 2596 214 2654; x_wconf 84' lang='lat' dir='ltr'><strong>gibus,</strong></span> <span class='ocrx_word' id='word_1_264' title='bbox 237 2613 282 2645; x_wconf 86' lang='lat' dir='ltr'><strong>non</strong></span> <span class='ocrx_word' id='word_1_265' title='bbox 305 2600 379 2655; x_wconf 87' lang='lat' dir='ltr'><strong>nrmis,</strong></span> <span class='ocrx_word' id='word_1_266' title='bbox 399 2604 492 2658; x_wconf 79' lang='lat' dir='ltr'><strong>vivere3</strong></span> <span class='ocrx_word' id='word_1_267' title='bbox 510 2610 566 2649; x_wconf 89' lang='lat' dir='ltr'><strong>tunc</strong></span> <span class='ocrx_word' id='word_1_268' title='bbox 583 2610 607 2649; x_wconf 86' lang='lat' dir='ltr'><strong>et</strong></span> <span class='ocrx_word' id='word_1_269' title='bbox 629 2603 701 2649; x_wconf 83' lang='lat' dir='ltr'><strong>vitem</strong></span> <span class='ocrx_word' id='word_1_270' title='bbox 723 2613 806 2667; x_wconf 75' lang='lat' dir='ltr'><strong>putere,</strong></span> 
     </span>
     <span class='ocr_line' id='line_1_39' title="bbox 135 2661 806 2735; baseline 0.018 -33"><span class='ocrx_word' id='word_1_271' title='bbox 135 2666 196 2707; x_wconf 64' lang='lat' dir='ltr'><strong>,tunc</strong></span> <span class='ocrx_word' id='word_1_272' title='bbox 210 2661 292 2710; x_wconf 74' lang='lat' dir='ltr'><strong>olivum</strong></span> <span class='ocrx_word' id='word_1_273' title='bbox 306 2678 382 2712; x_wconf 81' lang='lat' dir='ltr'><strong>serere</strong></span> <span class='ocrx_word' id='word_1_274' title='bbox 397 2674 577 2716; x_wconf 78' lang='lat' dir='ltr'><strong>consueveruntr</strong></span> <span class='ocrx_word' id='word_1_275' title='bbox 596 2667 700 2729; x_wconf 70' lang='lat' dir='ltr'><strong>adeoqrm</strong></span> <span class='ocrx_word' id='word_1_276' title='bbox 712 2682 806 2735; x_wconf 73' lang='lat' dir='ltr'><strong>magnis</strong></span> 
     </span>
    </p>
   </div>
   <div class='ocr_carea' id='block_1_3' title="bbox 0 0 904 2942">
    <p class='ocr_par' dir='ltr' id='par_1_5' title="bbox 0 0 904 2942">
     <span class='ocr_line' id='line_1_40' title="bbox 0 0 904 2942; baseline 0 0"><span class='ocrx_word' id='word_1_277' title='bbox 0 0 904 2942; x_wconf 95' lang='lat' dir='ltr'><strong> </strong></span> 
     </span>
    </p>
   </div>
   <div class='ocr_carea' id='block_1_4' title="bbox 118 2847 192 2856">
    <p class='ocr_par' dir='ltr' id='par_1_6' title="bbox 118 2847 192 2856">
     <span class='ocr_line' id='line_1_41' title="bbox 118 2847 192 2856; baseline 0 -4"><span class='ocrx_word' id='word_1_278' title='bbox 118 2847 179 2854; x_wconf 37' lang='lat' dir='ltr'><strong>Q„</strong></span> <span class='ocrx_word' id='word_1_279' title='bbox 185 2853 192 2856; x_wconf 39' lang='grc' dir='ltr'><em>Α</em></span> 
     </span>
    </p>
   </div>
  </div>
 </body>
</html>
