1800 2942
334 523 521 594 JUSTINI

113 710 401 784 HlSTORlARUM
420 712 757 776 PHILIPPICARUM.

292 889 400 942 amns
417 890 559 954 saurus.

126 1168 148 1218 1.
165 1169 451 1233 Lsosmoummore
473 1170 559 1231 ingenii
588 1171 689 1228 humani,
715 1186 760 1232 quo

91 1235 159 1298 plura
169 1237 258 1290 hubent,
269 1251 297 1282 eo
308 1236 416 1296 ampliora
426 1232 547 1296 cupientis)
560 1249 607 1281 non
614 1236 715 1281 contenti
723 1251 761 1282 ao·

92 1300 196 1348 cessione
216 1300 388 1348 Atheniensium
408 1314 477 1362 opum
493 1300 552 1345 vires
569 1299 610 1344 sibi
628 1298 759 1360 duplicatas,

92 1366 163 1413 totius
175 1364 238 1412 Asiae
252 1365 371 1426 imperium
379 1364 621 1425 affectarecoeperuntr
640 1363 680 1411 serl
689 1365 761 1427 major
798 1369 803 1376 “

91 1446 145 1494 pars
157 1430 198 1476 sub
209 1445 279 1492 regno
291 1429 411 1477 Persarum
428 1437 483 1477 erat.
516 1427 598 1487 ltaque
608 1427 760 1488 Dercyllirles,

92 1495 140 1543 dux
153 1495 176 1541 in
184 1495 241 1541 hauc
252 1496 354 1541 militiam
364 1494 456 1549 electus,
467 1510 519 1541 oum
527 1493 619 1548 videret,
631 1492 672 1539 sibi
682 1493 763 1540 adver·

92 1575 133 1608 sus
144 1560 201 1606 duos
211 1559 330 1620 praefectos
345 1560 485 1615 Artaxerxis,
502 1558 677 1607 Pharnabazum
685 1564 710 1603 et
719 1557 761 1605 'li-

92 1624 205 1678 salernem
217 1625 363 1671 maximarum
374 1625 477 1687 gentium
488 1624 572 1670 viribus
583 1623 717 1678 succinctos.
725 1623 761 1669 ‹li-

91 1689 230 1743 minandum,
246 1688 405 1751 pacificandum
417 1704 469 1735 cum
480 1690 551 1738 sltero
562 1688 647 1735 statuit.
679 1687 762 1750 Aptior

92 1756 158 1802 visus
168 1752 305 1808 'lisafernes
322 1755 391 1801 viret
407 1753 516 1801 indusuii
527 1754 607 1815 potior,
620 1760 644 1801 et
653 1753 761 1802 militibus

94 1816 153 1879 Cyri
164 1819 276 1880 quondum
287 1820 348 1882 regis
358 1820 496 1875 instmetior,
511 1820 535 1867 in
546 1819 681 1880 colloquium
691 1834 761 1870 vocae

93 1891 139 1938 tur,
160 1891 184 1931 et
206 1885 295 1931 statutis
314 1885 485 1939 conditionibus,
503 1886 532 1931 ab
548 1885 616 1932 armis
635 1884 761 1931 dimittitur.
785 1933 788 1940 »

93 1947 165 1995 Hanc
177 1963 224 1995 rem
237 1948 397 1996 Pharnabazus
408 1950 467 2012 apud
477 1964 620 1997 communem
628 1963 707 2010 rogem
718 1949 762 1995 cri·

92 2013 199 2080 minatur,
211 2020 232 2070 ,¹¹
243 2021 269 2060 nt
283 2012 471 2062 hcedaemonios
485 2015 565 2061 Asiam
580 2015 696 2074 ingressos
714 2025 762 2059 non

92 2078 201 2140 repulerit
211 2079 286 2133 armis,
306 2080 346 2127 sed
362 2080 471 2141 impensis
484 2080 554 2141 regiis
563 2077 643 2124 aluerit
647 2093 655 2133 ς
674 2090 761 2123 meroe·

91 2150 174 2204 turque
185 2143 213 2188 ab
224 2143 265 2198 his,
277 2158 328 2204 quos
339 2144 441 2191 differant
451 2144 516 2197 bella,
532 2158 584 2204 quae
593 2146 690 2204 gerant3
702 2147 761 2200 tam·

92 2222 162 2270 quam
180 2222 227 2254 uon
243 2207 272 2253 sd
289 2208 354 2255 unius
369 2224 481 2256 summam
496 2208 584 2269 imperii
602 2206 761 2258 detrimentum

92 2287 162 2322 omne
172 2271 294 2335 perveniat
326 2271 475 2335 Indignumss‘
493 2273 530 2326 u't,
549 2271 631 2317 “bella
646 2286 761 2334 nonper-

93 2337 138 2390 ἢεί,
152 2338 192 2384 sed
203 2337 296 2393 redimi3
316 2338 403 2385 bostem
413 2339 493 2400 pretio,
505 2352 551 2383 non
562 2336 630 2383 armis
641 2337 761 2384 submove·

93 2400 138 2449 ri.”
173 2400 220 2448 His
231 2402 323 2449 vocibus
334 2418 410 2465 regem
422 2419 436 2449 a
446 2401 566 2449 Tisaierne
576 2401 696 2450 alienatum
708 2403 762 2447 hor·

94 2472 162 2521 tatur,
180 2472 212 2520 ut,
228 2467 339 2515 inlocum
356 2468 411 2529 ejur,
429 2467 514 2514 navabo
532 2466 584 2513 belli
599 2467 679 2514 ducem
692 2465 762 2526 eligat

95 2528 193 2581 &nona
201 2531 372 2587 Atheniensem,
381 2533 427 2593 qui,
439 2530 587 2579 mistheus
598 2528 677 2593 patrii,
689 2527 761 2589 Cypri

94 2595 222 2645 exsulabat:
250 2597 332 2659 quippo
352 2597 536 2651 Atheniensibus,
557 2596 600 2646 etsi
618 2595 697 2642 fracte
715 2591 762 2642 siat

95 2675 155 2724 opes,
167 2675 259 2710 manere
269 2668 345 2709 umen
356 2662 462 2714 navalem,
470 2676 543 2717 usum,
552 2674 602 2714 nec,
613 2659 633 2706 si
644 2654 761 2727 eliges&

94 2727 174 2786 sites
194 2725 314 2783 universis,
334 2726 450 2783 meliorem
464 2727 612 2781 niumm
652 2719 761 2785 milli
