1800 2942
142 164 192 208 2³4
282 154 419 208 JUSTINI
436 155 490 204 Lu.
500 153 547 206 x1.
564 154 624 207 car.
635 158 672 206 10.

143 290 219 344 millia,
226 289 326 351 equitum
333 287 410 336 decem
418 286 500 344 millia3
512 286 814 349 crpuquadngtnumutia

145 355 186 403 Ex
196 354 360 402 Macedonibus
370 349 472 399 cecidere
482 352 596 414 pedestres
607 359 698 400 eentum
709 353 811 416 triginta,

144 421 232 481 equites
246 427 337 466 centurn
353 417 525 479 quinquaginta.
556 414 675 464 incastris
689 415 812 466 Persarum

144 485 241 532 multum
255 484 311 538 auri,
325 491 502 543 caeterarumque
512 496 580 543 opum
590 483 715 529 inventum.
749 482 814 532 Inter

145 551 246 612 captivos
261 558 392 603 castrorum,
410 555 488 602 mater,
505 555 529 593 et
540 561 598 593 uxor
608 547 731 608 eademque
742 563 812 604 soror,
836 580 839 584 ψ

146 624 170 663 et
184 613 236 661 iiliae
253 613 305 659 duae
323 611 388 659 Darii
405 609 476 659 fuere.
509 611 546 658 Ad
564 627 620 672 quas
636 612 743 659 visendas
759 614 812 661 hor·

146 679 270 739 tandasque
280 692 331 725 oum
344 677 475 724 Alexander
484 677 590 733 venisset,
602 677 729 738 conspectis
740 693 812 725 mma
824 703 827 710 ·

146 746 183 799 tia,
194 744 290 790 invicem
303 757 327 789 se
338 741 459 803 amplexae,
466 741 528 788 velut
539 743 614 788 statim
622 742 813 796 morituraeoom·

145 808 295 871 plorationem
313 807 438 854 ediderunt.
469 805 601 853 Provoluiae
623 806 703 853 deinde
717 809 813 869 genibus

145 872 279 928 Alexandri,
291 885 337 918 non
348 878 451 925 mortem,
460 871 506 925 sed,
517 871 571 919 dum
580 870 646 917 Darii
660 886 744 933 corpus
751 888 812 936 sepe-

146 938 209 992 liant,
221 937 349 983 dilationem
366 935 446 981 mortis
463 936 617 998 deprecantur.
650 935 733 983 Motus
753 937 814 986 tanti

146 1002 265 1050 mulierum
273 1001 356 1063 pietate
367 999 506 1058 Alexander,
520 1007 544 1048 et
555 1000 652 1047 Darium
663 1001 743 1048 vivere
753 1003 814 1059 dixit,

147 1074 172 1114 et
181 1066 311 1113 timentibus
321 1064 401 1112 mortis
412 1072 498 1111 metum
509 1065 604 1123 demsit3
620 1081 703 1127 easque
710 1067 786 1115 haberi
793 1075 815 1116 et

146 1131 238 1180 salutari
249 1139 275 1179 ut
284 1130 375 1192 reginas
384 1123 499 1192 praecepit
532 1129 602 1177 Filias
611 1144 701 1191 quoque
711 1146 759 1179 non
768 1147 815 1180 aor-

147 1196 221 1244 didius
228 1197 337 1259 dignitate
347 1195 417 1258 patris
427 1210 517 1256 sperare
527 1196 694 1246 matrimoaiun
702 1198 779 1257 jussit.
809 1225 812 1230 «

181 1261 214 1309 X.
232 1261 290 1310 Post
299 1262 355 1316 haec,
363 1276 417 1322 opes
425 1259 499 1317 Darii,
507 1260 679 1321 divitiarumque
686 1270 814 1324 apparatum
826 1277 830 1292 ’

148 1327 318 1390 contemplatus,
337 1326 484 1373 admiratione
498 1332 611 1372 tantarum
630 1341 704 1373 rerum
724 1328 816 1390 capitor.

148 1391 216 1440 Tunc
226 1394 322 1455 primum
333 1390 449 1437 luxuriosa
465 1390 575 1445 convivia,
591 1396 615 1437 et
626 1389 815 1452 magnificentiam

148 1458 263 1520 epularum
282 1456 376 1503 sectaris
396 1463 450 1501 tuno
469 1454 582 1502 Barsinen
597 1457 708 1518 captivam
725 1457 817 1521 diligere

148 1531 239 1586 propter
257 1521 338 1569 formae
348 1520 536 1582 pulchritudinem
552 1520 635 1581 coepits
655 1519 724 1581 aquit
739 1532 817 1584 postea

97 1627 99 1634 ’
148 1595 284 1699 112⁸⁰⁰liil¹c
293 1601 393 1697 ltili
401 1584 656 1705 illimis
666 1585 704 1698 ,l
704 1595 817 1714 itti:

149 1716 200 1763 dam
213 1716 326 1763 Persicam
338 1716 439 1769 classem,
458 1715 559 1776 aliosque
573 1715 657 1762 amicos
668 1716 696 1762 od
707 1718 820 1779 recipiens

149 1781 189 1827 das
206 1780 271 1827 Asiae
287 1780 389 1827 civitates
406 1781 480 1836 misit3
497 1795 548 1841 quae
566 1781 649 1835 statim,
666 1779 745 1828 audita
760 1780 818 1830 font

149 1845 257 1899 victoriae,
266 1844 321 1906 ipsis
332 1844 398 1891 Darii
408 1844 522 1907 praesectis
537 1859 589 1892 oum
600 1845 648 1891 auri
664 1860 751 1908 magno
761 1862 818 1909 pon-

149 1911 202 1958 dere
212 1909 350 1957 tradentibua
360 1923 392 1963 se,
402 1909 426 1955 in
437 1917 572 1972 potestatem
579 1910 689 1957 victorum
698 1921 818 1960 venerunt.

150 1974 217 2024 Tunc
228 1976 252 2022 in
261 1974 349 2034 Syriam
360 1972 524 2036 proficiscitur3
541 1975 578 2022 ubi
589 1975 667 2021 obvios
677 1990 731 2022 oum
741 1976 819 2025 inlidis

150 2043 235 2089 multos
254 2039 354 2116 Orientis
370 2040 540 2117 ‘regeshabuit
572 2039 618 2116 Ex⁸
628 2040 716 2117 hispfo
731 2042 819 2089 meritis

150 2104 714 2247 :ddt‘tddt·÷trtss⁴tlttttlntt
758 2122 819 2235 „21⁰2

149 2233 833 2361 :t{atinatilittltmnrttn·

150 2378 241 2426 operam
255 2365 359 2411 oblocare
377 2363 405 2411 ad
423 2371 505 2426 puteos
514 2364 684 2419 exhauriendos,
695 2365 819 2427 hortosque

149 2427 276 2490 irrigandos
287 2429 367 2476 solitus
375 2436 442 2483 esset,
454 2428 535 2475 misere
542 2429 613 2475 vitam
621 2430 774 2486 exhibentem,
780 2447 818 2478 re·

137 2508 204 2554 ,gem
223 2492 313 2546 iecerat,
333 2493 414 2554 spretio
431 2492 548 2548 nobilibua,
568 2508 597 2539 ne
615 2495 706 2555 generis
721 2495 752 2550 id,
772 2510 818 2542 non

151 2557 234 2614 dantis,
252 2556 384 2603 beneficium
395 2563 507 2619 putarent.
538 2556 661 2619 Tyriorum
672 2558 752 2605 civitas
767 2574 818 2606 curn

150 2636 258 2669 coronam
268 2635 358 2668 auream
369 2622 446 2683 magni
456 2622 561 2684 ponderis
576 2637 617 2684 per
631 2622 720 2684 legatos
730 2623 755 2669 in
766 2624 820 2672 tito·
833 2645 836 2651 ·

150 2684 197 2737 lum
208 2685 366 2751 gratulationis
376 2685 508 2735 Alexandro
522 2686 628 2744 misisset,
645 2695 712 2751 grate
726 2701 836 2738 munere
891 2704 895 2716 ·
