1800 2942
162 163 210 208 sss
255 156 392 211 susurru
408 121 628 208 mmmm
643 156 705 209 cn.
718 164 760 210 ιο.

114 301 117 310 ’
163 306 214 352 que,
236 293 307 356 maj0r
325 306 431 338 numerus
451 288 504 337 fuit.
536 289 636 353 Argenti
657 298 722 339 certe
744 293 839 354 aurique

163 363 259 410 tantmn,
279 364 305 404 ut
320 357 387 403 etiam
398 355 497 419 gregarii
512 355 595 402 milites
609 355 696 417 caligas
710 371 770 404 auro
781 357 839 420 fige·

165 429 223 475 rent,
239 423 439 483 proculcarentque
454 421 578 475 materiam,
595 421 660 484 cujus
671 436 754 469 amore
763 423 841 485 popuii

164 485 224 533 ferro
238 487 352 533 dimicent.
385 483 518 534 culinarum
529 500 620 560 quopue
630 494 743 547 argentea
754 489 841 534 iustru-

164 549 321 606 mentrt'uhre
338 565 430 613 prorsus
441 552 503 610 quasi
515 551 544 596 ud
558 549 643 611 epulas,
659 565 708 597 nou
726 553 758 598 ad
774 553 839 606 heila,

164 623 292 677 pergerent.
324 616 461 663 Advenienti
483 615 597 661 Antiocho
619 615 687 661 multi
707 614 840 664 Orientaiea

78 707 83 719 ι
163 695 230 742 reges
240 678 364 733 occurrere,
377 680 492 727 tradentes
503 694 534 735 se,
546 694 660 741 regnaque
671 695 723 735 sua,
736 696 839 729 cumex-

167 746 292 793 aecratione
308 746 419 807 superbire
434 744 553 796 Parthicae.
585 743 638 790 Nec
649 760 716 791 mora
726 761 843 810 congrus*

166 809 226 855 sioni
246 809 296 855 fuit.
327 810 456 856 Antiochus
477 809 549 856 trihus
569 809 655 871 proeliis
677 810 764 866 victor,
789 826 840 858 cum

165 871 315 934 Babylonium
326 872 465 935 occuphsset,
481 888 578 936 magnus
589 874 665 920 haberi
677 876 761 937 coepit.
793 875 839 922 Ita·

165 953 210 999 que
231 939 334 984 omnihus
356 939 384 984 ad
405 955 459 985 eum
480 939 568 1001 populis
589 936 758 997 deficientibus,
784 941 838 987 nihil

167 1002 258 1051 Parthis
279 1003 358 1064 reliqui
385 1011 467 1066 praeter
487 1005 572 1065 patrios
593 1001 651 1049 fines
671 1003 725 1050 fuir.
771 1004 838 1051 Tunc

166 1066 291 1122 Phrahates
311 1067 455 1115 Demetrium
477 1068 500 1114 in
520 1069 611 1128 Syriam
630 1067 659 1114 ad
679 1070 840 1131 occupandum

166 1147 264 1195 reguum
281 1149 332 1180 cum
345 1132 451 1180 Parthico
468 1134 573 1195 praesidio
589 1132 665 1185 mittit,
682 1141 710 1179 ut
726 1151 758 1181 eo
775 1143 839 1197 pacto

166 1197 295 1245 Antiochus
314 1198 342 1245 ad
361 1214 402 1245 sua
423 1198 507 1244 tuenda
528 1213 542 1244 a
565 1195 659 1248 Parthia
683 1208 841 1246 revocaretur.

168 1260 272 1317 Interim,
289 1264 395 1322 quoniam
411 1263 496 1309 viribus
512 1277 559 1309 nou
575 1269 670 1323 poterat,
686 1262 781 1310 insidiis
792 1264 841 1310 Au·

168 1328 270 1376 tiochum
281 1329 362 1388 ubique
373 1329 482 1374 tentabat.
509 1326 606 1389 Propter
616 1326 791 1375 multitudinem
801 1329 841 1374 ho·

168 1393 264 1446 minum,
283 1394 405 1439 exercitum
419 1407 485 1439 suum
497 1392 625 1438 Antiochus
637 1406 677 1453 per
694 1392 803 1441 civitates
812 1387 852 1438 'in

168 1457 263 1504 hiberna
278 1457 397 1504 divisemt:
417 1472 469 1517 quae
484 1472 520 1503 res
535 1456 599 1502 exitii
613 1471 680 1502 causa
693 1456 746 1503 fuit.
780 1457 841 1504 Nam

169 1537 221 1569 eum
232 1523 321 1584 gravari
333 1538 358 1569 se
369 1522 482 1583 copiarum
493 1521 626 1586 praebitione
641 1527 665 1567 et
679 1521 772 1583 injuriis
784 1522 841 1568 mili·

170 1593 220 1633 tum
235 1587 337 1634 civitates
350 1587 459 1640 viderent,
475 1587 504 1633 ad
521 1584 618 1634 Parthos
628 1584 754 1644 deficiunt5
774 1596 799 1634 et
808 1587 844 1633 die

167 1648 256 1698 statuti
271 1666 350 1698 omnes
366 1651 423 1713 apud
436 1667 461 1698 se
471 1651 568 1697 divisum
584 1651 711 1697 exercitum
728 1667 771 1714 per
789 1654 843 1699 insi·

171 1715 228 1772 dias,
245 1731 275 1762 ne
286 1717 382 1763 invicem
393 1715 452 1763 ferre
462 1716 545 1762 auxilia
554 1722 653 1777 possent,
669 1717 844 1776 aggrediuntur·

171 1778 233 1833 Quae
244 1795 295 1826 cum
308 1782 410 1827 nuntiata
422 1781 537 1828 Antiocho
548 1787 631 1835 essent,
643 1780 754 1827 auxilium
766 1782 844 1843 proxi·

171 1844 215 1891 mis
234 1843 332 1900 laturus„
348 1861 400 1892 cum
420 1843 447 1892 eh
464 1861 539 1899 manu,
559 1860 610 1906 quse
626 1859 705 1891 seeum
722 1846 844 1900 hiemabat,

148 1954 152 1962 ,
171 1909 320 1973 progreditur.
354 1907 384 1956 In
400 1911 480 1957 itinere
497 1911 588 1957 obvium
604 1924 684 1970 regern
703 1908 844 1957 Parthorum

171 1975 255 2030 habuit,
273 1975 381 2021 adversus
393 1991 460 2035 quem
472 1975 559 2029 fortius,
576 1988 643 2035 quam
658 1975 777 2021 exercitus
788 1977 843 2037 ejus,

173 2040 294 2088 dimicavit.
321 2039 359 2086 Ad
366 2047 506 2101 postremum
515 2046 597 2092 tamen,
609 2054 661 2084 cum
669 2039 757 2085 virtute
765 2040 845 2087 hoster

172 2106 281 2158 vinceret,
308 2111 369 2151 metu
397 2119 489 2151 suorum
517 2104 623 2158 desertus,
651 2103 779 2150 occiditur:
811 2104 846 2150 cui

174 2167 300 2216 Phrahotes
311 2169 429 2230 exsequias
440 2170 504 2232 regio
514 2183 578 2215 more
588 2167 648 2222 fecit,
665 2166 784 2229 filiamque
794 2168 845 2215 De·

173 2234 255 2289 metrii,
277 2249 343 2294 quam
366 2249 443 2280 secum
463 2233 591 2281 Antiochus
612 2232 745 2286 adduxerat,
768 2242 847 2295 captus

174 2299 252 2343 timore
262 2298 363 2358 virginis,
380 2312 474 2345 uxorem
485 2298 558 2345 duxit.
588 2296 847 2345 Poeniteredeindedi·
895 2315 896 2324 ¹

174 2362 238 2406 missi
256 2360 369 2409 Demetrii
388 2364 472 2425 coepit3
489 2363 517 2410 ad
533 2377 600 2423 quem
615 2363 779 2409 retrahendum
796 2378 847 2410 cum

173 2430 260 2470 turmas
276 2427 376 2486 equitum
386 2426 499 2475 ⁴festinato
514 2428 618 2482 misisset,
637 2425 789 2474 Demetrium
805 2430 847 2475 hoc
895 2437 896 2492 ᾗ

173 2488 418 2552 ipsummetuentemj
428 2508 465 2538 am
483 2494 509 2538 in
526 2507 598 2554 regno
613 2492 677 2539 missi
694 2493 847 2549 inveneruut;

173 2550 303 2614 frustraque
313 2556 389 2604 omnia
396 2558 479 2612 conati,
492 2557 520 2604 ad
528 2571 607 2619 regem
617 2571 685 2605 suum
691 2559 782 2606 reversi
790 2565 849 2606 mot.

894 2727 897 2820 i

895 2825 896 2892 i
