1800 2942
205 156 342 209 JUSTINI
358 157 412 206 Lis.
423 155 522 204 XXVI.
538 155 599 206 Cer.
609 162 632 205 3.
703 162 751 206 833

83 287 162 336 insert.
195 286 224 335 In
235 303 342 350 quocum
355 295 476 350 occupatus
489 294 556 340 esset,
573 286 663 334 interim
679 285 752 334 Alex-

85 355 164 408 ander,
182 369 222 400 rex
237 353 309 416 Epiri,
326 354 403 399 ulcisci
419 361 515 399 mortem
530 353 600 414 patris
615 351 698 413 Pyrrhi
713 367 753 397 cu·

84 420 159 482 piens,
170 416 226 464 fines
234 418 377 465 Macedoniae
385 418 539 480 depopulatur.
559 417 753 476 Adversasquem

86 499 140 530 cum
153 498 256 529 reversus
266 499 280 529 a
291 481 383 530 Graecit
394 484 525 544 Antigonus
537 491 603 535 esset,
620 481 754 529 transitione

85 548 185 595 militum
197 547 323 601 destitutus,
336 563 432 609 regnum
441 547 585 593 Macedoniae
593 561 645 592 cum
653 546 754 592 exercitu

86 613 180 660 amittit.
212 611 289 675 Hujus
307 610 367 658 filius
385 611 525 665 Demetrius,
548 625 604 672 puer
622 611 751 664 admodum,

86 679 181 725 absente
191 685 260 739 patre,
273 684 374 739 rqarato
385 679 493 730 exercitu,
506 691 551 722 noo
563 676 635 722 solum
647 676 752 725 amissam

86 742 249 789 Macedoniam
258 742 343 804 recipit,
353 756 431 788 verum
443 742 510 788 etiam
519 740 584 802 Epiri
595 755 668 802 regno
679 740 752 786 Alex·

87 807 183 853 andrum
201 807 288 869 spoliat.
319 804 394 853 Tanta
410 805 447 853 vel
465 805 577 853 mobilitas
595 806 699 860 militum,
715 804 754 851 vel

85 871 187 919 fortunae
201 872 298 917 varietas
313 878 367 925 erat,
385 879 411 918 ut
426 872 525 917 vicissim
542 885 616 933 reges,
634 885 696 917 nunc
712 884 753 917 ex-

88 936 157 990 sules,
168 951 229 983 nunc
237 951 302 998 reges
312 936 448 983 viderentur.

120 998 169 1048 111.
186 999 261 1064 igitur
276 999 413 1054 Alexander,
429 1015 481 1046 curn
496 1000 561 1046 exsul
575 1000 604 1046 ad
620 999 753 1046 Acarnanas

86 1065 234 1128 confugisset,
246 1080 292 1112 non
302 1065 390 1110 minore
400 1064 545 1127 Epirotarum
556 1065 674 1119 desiderio,
685 1079 753 1126 quam

84 1130 200 1178 sociorum
212 1130 302 1183 auxilio,
320 1130 344 1176 in
359 1144 457 1191 regnum
473 1129 605 1175 restituitur·
635 1128 681 1176 Per
691 1129 751 1175 idem

82 1204 177 1257 tempus
194 1210 234 1242 rex
251 1193 393 1255 Cyrenarum
409 1193 494 1254 Megas
512 1193 613 1239 deceditr
634 1194 680 1254 qui,
700 1195 756 1240 ante

87 1258 247 1315 infirmitatem,
265 1258 392 1306 Berenicen
408 1260 497 1306 unicam
516 1257 591 1312 liliam,
610 1257 638 1303 ad
656 1255 754 1304 finienda

87 1340 141 1372 cum
153 1324 278 1372 Ptolemaeo
288 1324 357 1370 fratre
367 1324 495 1378 certamina,
511 1321 558 1369 lilio
568 1323 617 1385 ejus
627 1321 753 1384 desponde·

80 1397 130 1437 rat·
163 1389 214 1444 Sed,
222 1396 378 1451 postmortem
386 1390 453 1451 regis.
464 1394 536 1434 mater
543 1388 640 1449 virginis
647 1387 752 1442 Arsinoi,

86 1462 122 1509 ut,
138 1453 210 1501 inviti
227 1469 252 1501 se
270 1460 418 1506 contractum,
435 1453 602 1499 matrimonium
621 1452 752 1506 solveretur,

86 1520 150 1566 misit
161 1520 198 1581 qui
209 1519 237 1565 ad
248 1519 336 1580 nuptias
344 1518 446 1579 virginis,
454 1532 594 1578 regnumque
602 1515 750 1577 Cyrenarum,

81 1583 234 1631 'Demetrium
244 1583 337 1630 fratrem
348 1583 408 1644 regis
420 1582 532 1643 Antigoni
544 1597 557 1627 a
567 1580 706 1628 Macedoniis
715 1595 752 1628 ar·

86 1656 217 1706 cessarent3
234 1648 272 1709 qui
287 1649 373 1709 etipse
388 1661 417 1692 ex
430 1644 479 1693 lilii
489 1645 609 1693 Ptolemaei
623 1653 753 1708 procreatus

85 1719 144 1761 erat.
182 1713 228 1760 Sed
249 1728 292 1759 nec
313 1711 446 1758 Demetrius
468 1725 554 1757 moram
575 1709 636 1758 iecit.
672 1709 753 1773 ltaque

85 1793 139 1826 com
155 1779 292 1826 secundante
306 1784 374 1824 vento
387 1776 491 1823 celeriter
502 1774 605 1836 Cyrenm
616 1774 751 1832 advolisset,

83 1841 169 1890 fiducie
178 1843 355 1905 pulchritudinis,
373 1840 417 1903 quai
430 1841 497 1888 nimis
514 1841 604 1903 plaeere
614 1842 688 1888 socrui
704 1856 752 1888 coe·

82 1914 156 1972 perat,
174 1909 250 1954 statim
269 1923 283 1953 a
301 1906 409 1969 principio
428 1907 546 1969 superbus,
563 1907 633 1968 regiae
650 1906 749 1960 familiae,

83 1973 239 2032 militibusque
256 1973 368 2033 impotens
384 1978 448 2029 erat;
466 1971 608 2033 studiumque
624 1971 725 2033 placendi
741 1985 755 2016 a

83 2038 176 2098 virgine
192 2039 216 2083 in
234 2045 328 2083 matrem
344 2037 477 2084 contulerat.
509 2035 570 2090 Quae
591 2050 628 2082 res
649 2041 753 2095 suspecta

81 2103 160 2165 primo
178 2102 268 2164 virgini,
286 2102 337 2148 dein
352 2102 496 2163 popularibus
511 2100 669 2159 mutansque,
679 2099 753 2146 invisa

82 2166 136 2214 mie
169 2164 257 2226 Itaque,
279 2167 349 2213 versis
369 2167 477 2212 omnium·
492 2165 572 2212 animis
590 2165 614 2209 ln
633 2162 753 2210 Ptolemai

82 2231 165 2284 filium,
183 2231 271 2278 insidiae
281 2230 400 2277 Demetrio
411 2237 585 2291 comparantur3
602 2228 646 2281 cui,
663 2242 715 2274 cum
728 2229 752 2274 in

83 2295 170 2343 lectum
182 2296 261 2342 socrus
273 2297 427 2353 concessisset,
439 2308 583 2356 percussores
593 2293 753 2340 immittuntur.

85 2359 135 2409 Sed
153 2361 257 2413 Arsinoe,
273 2358 348 2406 auditi
365 2375 423 2406 voce
436 2359 490 2406 filiae
504 2359 532 2405 ad
547 2356 608 2404 iores
623 2358 711 2411 stands,
730 2367 754 2405 et

75 2424 244 2489 praecipientis,
256 2433 281 2471 ut
289 2425 357 2473 matri
365 2433 499 2486 parceretur,
506 2423 631 2470 adulterum
639 2422 752 2484 paulisper

83 2503 182 2551 corpore
198 2504 239 2536 sno
252 2490 370 2552 proterio
389 2489 443 2544 Quo
459 2486 585 2543 interfecto,
602 2484 715 2534 Beronioe
730 2494 755 2533 ct

83 2564 165 2614 stupra
175 2555 260 2611 matris,
271 2552 333 2603 salsi
343 2554 432 2616 pietate,
444 2554 493 2600 ulta
503 2561 551 2609 θεῖς
568 2560 592 2600 et
603 2555 627 2601 in
637 2552 754 2601 matamo-

71 2622 125 2672 nio
136 2619 250 2671 sortiendo
257 2620 367 2686 judiciam
378 2620 545 2682 parassemus.
