1800 2942
145 129 193 174 262
271 119 408 174 JUS'l'INl
424 117 561 169 Linxm
577 117 638 170 Cur.
646 124 668 169 8.

144 269 192 302 rem
210 268 261 301 cum
275 251 430 315 processisset
440 249 564 304 Eumenes,
580 265 631 297 cum
643 251 760 313 proditore
771 251 812 297 de·

144 318 326 380 cernere'proelio
337 331 429 363 necesse
439 315 523 362 hebuit.
550 314 632 366 Victus
643 315 814 379 Neoptolemus

144 384 172 430 ud
191 385 334 444 Antipatrum
351 388 375 428 et
390 380 584 442 Polysperclrontn
597 380 700 442 profugit
705 399 715 439 3
731 383 815 441 hisque

143 449 269 510 persuadet,
287 454 319 501 ut,
337 444 473 493 continuatis
483 446 641 501 mansionibus,
652 445 708 493 laeto
718 461 749 492 ex
764 449 813 492 rio-

145 512 209 567 torte,
231 520 254 559 et
271 527 350 558 securo
367 509 431 572 fugae
451 525 507 565 suae,
526 508 625 557 Eumeni
643 512 813 572 superveniant.

146 578 192 625 Sed
202 593 239 623 res
250 576 369 623 Eumenen
380 591 426 623 non
436 575 509 622 latuit.
541 573 623 635 Itaque
635 575 724 622 insidiae
736 576 763 622 in
775 576 812 621 in·

145 643 261 690 sidinmres
271 656 358 688 verse:
377 647 400 686 et
410 640 449 701 qui
460 654 563 686 securum
573 654 759 701 aggressurosse
769 655 812 702 pu·

145 707 227 762 tabant,
245 707 329 753 securis
339 707 363 755 in
376 705 463 759 itinere,
481 711 503 750 et
514 705 632 766 peruigilio
643 705 719 751 noctis
727 704 811 767 setige-

144 772 182 826 tis,
197 786 314 818 occursum
325 778 366 817 est.
398 768 428 823 In
438 785 466 816 eo
476 769 556 830 proelio
568 768 738 830 Polysperclron
751 769 812 816 occi·

145 836 211 882 ditur.
243 834 407 896 Neoptolemus
417 848 513 895 quoque,
525 848 576 879 cum
585 833 691 881 Eumene
701 849 810 896 congres-

146 915 192 956 sus,
210 901 248 946 diu
262 901 346 946 mutuis
361 899 491 945 vulneribus
501 899 598 961 acceptis
612 899 748 946 colluctatus
759 907 808 946 est:

145 965 170 1010 in
189 962 277 1010 summi
292 965 366 1009 vietus
384 964 504 1010 occumbit.
537 962 618 1010 Victor
636 964 707 1025 igitur
724 964 811 1010 duobus

144 1029 231 1090 proeliis
241 1029 354 1075 continuis
362 1026 487 1084 Eumenes,
499 1025 591 1075 afflictas
597 1036 674 1090 partes
680 1029 812 1076 motione

147 1094 257 1140 sociorum
268 1093 383 1156 paululum
394 1092 535 1140 sustentavit
568 1093 607 1139 Au
617 1101 757 1154 postremum
776 1101 811 1140 te·

146 1172 207 1213 men,
223 1156 333 1205 Perdice&
351 1159 434 1212 occiso,
452 1159 481 1205 ab
497 1157 598 1206 exercitu
615 1159 688 1205 hostis
705 1174 756 1206 eum
769 1157 810 1204 Pi-

147 1224 222 1279 thone,
239 1231 263 1271 et
274 1221 360 1284 Illyrio,
377 1231 400 1270 et
416 1220 498 1269 Aleett
516 1222 585 1270 frutre
599 1221 724 1278 Perdiecoe,
735 1224 812 1285 appel·

146 1287 221 1336 letus:
239 1289 368 1350 bellumque
377 1288 485 1336 adversus
496 1302 535 1336 eos
546 1288 666 1350 Antigono
677 1289 812 1336 decernitur.
