1800 2942
157 162 193 207 84
286 149 288 155 ’
417 154 619 207 JUGURTHA.
717 154 829 215 cresi,

158 301 220 334 nunc
230 285 321 341 timetis,
336 286 416 347 quibus
426 286 493 334 decet
502 287 581 334 terrori
592 301 650 335 esse.
672 286 735 342 'Sed
747 303 826 349 quum·

158 368 226 413 quarn
238 354 287 398 haec
297 350 352 398 ulia
362 360 420 407 sunt,
437 358 515 398 temen
525 352 614 399 obviem
625 352 658 398 ire
668 349 774 399 fectionis
784 369 828 415 po·

158 418 238 464 tentiae
249 417 338 463 enimus
348 417 439 480 subigit.
473 415 542 466 certe
560 432 605 478 ego
620 417 753 471 libertstem,
775 430 829 478 quse

157 483 215 531 mihi
225 497 239 528 n
249 489 341 545 parente
350 482 431 528 tradita
442 491 484 539 est,
501 482 616 543 experiar:
635 496 722 535 verum,
733 482 757 528 id
767 482 828 530 frus·

159 554 195 593 tm
205 562 234 593 un
245 548 274 593 ob
285 561 333 592 rem
340 545 427 602 senium,
436 549 461 593 in
472 546 549 594 vestrd
557 560 626 593 menn
633 547 710 600 situm,
718 545 831 601 Quirites.

160 610 243 673 Neque
253 627 298 673 ego
308 612 386 659 hortor
397 613 471 676 (quod
481 626 543 674 saepe
553 613 649 674 majores
659 612 729 658 vestri
740 609 829 673 fecere)

159 677 193 723 nti
204 683 283 722 contre
292 677 383 740 injurius
390 678 471 724 srmsti
478 677 541 723 estis.
574 675 638 722 Nihil
648 677 679 730 ri,
687 676 744 722 nihil
752 692 829 724 secesa

159 741 224 853 22⁰5
235 741 831 870 inintzz'etz'tid'imtziffssiissz

67 882 78 891 χ
160 870 254 923 aiebant,
265 871 288 916 in
299 870 386 932 plebem
394 870 524 918 Romanum
532 871 669 932 quaestiones
677 871 760 918 habitae
768 880 832 919 sunt.

158 932 220 981 «Post
231 932 260 982 C·
271 936 354 982 Graeci
364 942 387 981 et
399 934 435 981 M.
443 935 519 982 Fulvii
529 936 622 990 eaedem,
632 936 687 981 item
698 935 765 981 multi
775 953 830 984 ves*

142 995 145 1001 ”
159 1000 190 1045 tri
207 998 291 1045 ordinis
305 1000 330 1044 in
345 1013 434 1045 earcere
449 1000 524 1046 necati
540 1006 607 1046 sunt:
627 1001 743 1062 utriusque
759 1001 832 1050 obdis

160 1078 208 1111 uon
218 1064 262 1119 lex,
273 1077 352 1110 verum
363 1063 438 1111 lubido
449 1079 535 1117 eorum,
545 1062 614 1110 finem
624 1064 687 1111 fecit.
718 1065 764 1112 Sed
774 1081 832 1114 sane

160 1127 229 1176 fuerit
244 1128 309 1190 regni
324 1128 415 1189 paratio,
435 1129 494 1190 plebi
513 1143 553 1176 sun
569 1129 702 1176 restituere:
720 1131 832 1191 quidquid

160 1193 211 1240 siue
222 1192 331 1256 sanguine
341 1194 424 1240 civium
433 1194 509 1241 ulcisci
518 1194 629 1254 nequitur,
636 1196 689 1256 jure
697 1193 782 1240 factum
792 1197 832 1244 sit.

159 1257 316 1320 Superioribus
327 1259 392 1305 annis
403 1260 464 1306 taciti
477 1259 659 1321 ind'gnnbnmini,
671 1259 774 1306 aerurium
785 1276 831 1310 ex·

160 1324 241 1387 piluri;
258 1339 324 1386 reges
335 1330 359 1370 et
368 1324 463 1387 populos
473 1324 555 1371 liberos
565 1326 642 1386 paucis
653 1323 764 1371 nobilibus
773 1342 832 1374 veo·

160 1389 216 1451 tigal
232 1389 344 1451 pendere;
360 1404 430 1451 penes
441 1389 532 1436 eosdem
543 1398 566 1436 et
577 1404 686 1437 summum
697 1389 794 1451 gloriam
806 1401 833 1441 et

102 1490 107 1501 ,
120 1472 127 1484 ·
159 1469 277 1501 maxumus
287 1455 377 1502 divitias
385 1470 450 1501 essee
464 1462 539 1501 temen
550 1455 600 1501 haec
610 1455 662 1500 isliu
672 1454 774 1503 facinore
784 1458 832 1504 im·

159 1534 221 1582 pune
235 1520 368 1582 suseepisse,
390 1535 469 1582 purum
489 1517 600 1566 habuere:
620 1521 694 1580 itaque
712 1528 832 1581 postremo

159 1584 231 1646 leges,
248 1586 353 1648 mejestss
363 1592 445 1640 vestre,
464 1584 540 1632 divine
550 1593 573 1632 et
583 1585 681 1632 humanu
691 1586 774 1640 omnis,
786 1588 832 1634 ho·

159 1650 231 1701 stibus
241 1649 322 1696 traditu
332 1657 392 1697 sunt.
425 1649 507 1712 Neque
517 1665 563 1703 eos,
573 1651 611 1711 qui
619 1646 701 1706 fecere,
709 1651 780 1710 pudet
789 1661 834 1700 sut

160 1715 271 1777 poenitett
291 1714 331 1760 sed
349 1715 457 1762 incedunt
475 1730 516 1777 per
538 1730 578 1762 ora
595 1721 670 1761 vestre
691 1715 832 1779 magnifice5

161 1779 286 1829 sucerdotis
296 1786 319 1825 et
329 1781 468 1836 consulatus,
478 1794 530 1842 pers
540 1780 664 1841 triumphos
672 1794 731 1834 suos,
750 1789 832 1828 osten·

160 1850 251 1901 tantem
267 1844 360 1907 perinde
375 1846 438 1906 quasi
455 1846 541 1899 honori,
561 1859 607 1892 uon
617 1844 706 1906 praedae,
725 1845 833 1895 hebeeut.

162 1909 226 1956 Servi
238 1925 284 1956 sere
294 1911 364 1971 parati
374 1910 467 1971 imperia
475 1911 558 1972 injuste
564 1909 705 1956 dominorum
718 1925 763 1956 non
775 1926 832 1971 per·

160 1973 252 2023 ferunt:
271 1990 320 2030 vos,
340 1974 449 2031 Quirites,
471 1975 565 2036 imperio
588 1974 642 2029 neti,
664 1989 729 2034 aequo
751 1975 833 2025 auimo

160 2040 293 2087 servitutem
304 2040 411 2087 toleretis.
444 2040 479 2087 At
489 2040 528 2100 qni
545 2046 598 2086 sunt
608 2039 638 2094 hi,
658 2039 696 2099 qui
707 2040 833 2100 rempubli-

161 2119 212 2150 eum
234 2103 390 2167 occupavere?
407 2105 509 2151 homines
529 2104 711 2160 sceleratissumi,
730 2107 835 2154 cruentis

161 2170 270 2224 manibus,
292 2171 385 2216 immani
406 2167 506 2223 avaritii,
530 2169 700 2221 nocentissumi,
723 2168 834 2231 idemque

162 2235 336 2296 superbissumi3
362 2230 412 2294 quis
430 2231 493 2286 fides,
516 2233 590 2287 decus,
614 2233 693 2295 pietas,
714 2241 835 2294 postremo

161 2300 257 2346 honeste
273 2306 338 2359 atque
353 2299 473 2345 inhonesta
488 2298 563 2343 omnia
573 2298 669 2358 qnaestui
681 2305 740 2344 sunt.
773 2298 835 2348 Pars

161 2368 240 2413 sorum
257 2364 365 2411 occidisse
380 2364 482 2411 tribunos
497 2362 573 2424 piebis,
594 2361 631 2408 eiii
647 2363 785 2422 qnaestiones
796 2366 835 2412 in-

158 2430 239 2492 justas,
250 2429 350 2490 plerique
357 2428 442 2474 eaedem
454 2428 478 2473 in
489 2442 530 2473 vos
539 2426 627 2480 iecisse,
638 2443 679 2489 pro
689 2428 836 2478 munimento

163 2495 253 2541 habent.
285 2490 329 2546 Ite,
340 2508 407 2553 quern
418 2493 512 2553 quisque
522 2507 627 2553 pessume
636 2492 696 2547 feeit,
708 2502 755 2538 tam
766 2507 836 2541 mnx-

163 2573 216 2606 nme
227 2564 289 2605 tutus
299 2565 343 2604 est
374 2557 465 2605 Metum
483 2573 497 2603 a
512 2557 597 2603 scelere
613 2571 654 2605 suo
671 2557 699 2604 nd
717 2558 836 2619 ignavium

162 2632 261 2671 vestrum
270 2620 418 2673 transtulere:
437 2636 495 2683 qnos
506 2622 579 2670 omnis
586 2623 665 2668 eadem
675 2637 763 2685 cupere,
772 2624 837 2672 odis.

161 2705 197 2751 se,
209 2689 290 2755 eedem?
297 2695 404 2747 metuere,
420 2687 444 2735 iu
456 2702 527 2739 uuum
537 2688 628 2750 coegit:
649 2688 689 2736 sed
704 2689 754 2735 haeo
773 2688 837 2757 integ
