1800 2942
128 120 177 170 41⁸
256 113 677 166 1ὓ8ΤῘΝΙΒιιΧΒΙἾ.Ου.4.
818 177 819 180 Ἴ

129 252 182 359 propt
202 244 271 293 finem
292 245 386 309 Trojani
407 244 467 302 belli,
489 244 605 296 Teucrum
626 252 704 296 morte
720 246 806 310 Aiacis

165 311 206 358 tris
216 312 314 359 invisum
326 311 382 374 patri
393 310 520 364 Telamoni,
532 326 645 358 cuminou
661 311 806 373 reciperetur

129 376 269 438 integrum,
291 375 393 437 Cyprum
413 377 559 431 concessisse,
581 384 649 436 atque
670 376 702 423 ibi
721 377 804 424 urban

131 441 223 487 nominc
239 443 338 500 autiquae
354 441 433 502 patrire
444 441 559 492 Salamina
577 440 721 498 condidisse;
739 441 804 495 iude,

129 505 222 567 accepti
233 507 338 568 opinione
354 513 454 567 poternae
471 506 557 560 mortis,
575 506 669 567 patriam
685 506 807 567 repetisse.

132 569 178 618 Sed
189 586 240 616 cum
252 572 279 617 ab
291 570 415 632 Eurysace.
427 571 506 634 AJacis
516 568 569 624 filio,
587 580 680 617 accessu
694 570 804 630 prohibe·

131 641 199 690 retur‚
213 634 332 698 Hispaniae
348 635 449 682 litoribus
466 635 590 698 appulsum,
606 635 663 690 loca,
683 635 724 696 ubi
740 648 806 685 nunc

131 706 167 747 est
190 698 306 762 Carthago
328 698 404 755 Nova,
431 697 568 762 occupisse3
591 699 645 748 inde
666 698 806 756 Gallaeciom

132 766 245 820 transisse,
262 774 285 811 et
304 765 382 826 positis
403 765 493 813 sedibus
513 765 578 827 genti
600 778 684 812 nomeu
707 763 808 812 dedisse.

130 827 251 877 Gallaeuae
263 837 337 876 autem
346 829 419 891 portio
428 829 573 892 Amphilochi
584 829 697 876 dicuutur.
725 826 806 889 Regio

98 928 103 932 .
134 901 185 940 cum
197 895 248 941 aeris
265 910 290 940 ac
306 894 391 956 plumbi
407 896 523 952 uberrima,
543 903 591 941 tum
611 901 635 940 et
652 892 726 947 minii,
742 893 807 954 quod

134 960 203 1005 etiam
221 959 296 1006 vicino
316 958 404 1005 flumini
422 975 507 1007 nomen
529 959 596 1005 dedit.
629 959 695 1004 Auro
712 972 807 1019 quoquc

134 1023 248 1078 ditissima,
270 1023 325 1069 odeo
346 1031 371 1070 ut
393 1024 462 1072 etiam
481 1032 554 1071 aratro
573 1023 704 1084 frequenter
727 1022 808 1085 glebcs

134 1093 213 1134 {luteos
235 1088 373 1136 exscindant
407 1086 435 1136 Iu
459 1090 525 1151 hujus
543 1089 619 1151 gentis
635 1086 720 1134 finibus
742 1102 809 1136 sacer

134 1165 201 1207 mous
212 1161 253 1208 est,
266 1168 333 1213 quem
349 1154 409 1200 ferro
425 1154 505 1204 violari
524 1152 587 1200 nefas
601 1154 712 1200 habetur:
733 1152 776 1202 sed
788 1152 809 1200 si

135 1217 225 1279 quando
236 1218 326 1281 fulgure
340 1226 399 1265 terra
409 1219 521 1280 proscisso
531 1226 572 1272 est,
588 1233 640 1277 quae
656 1218 682 1262 in
697 1218 735 1264 his
750 1217 809 1264 locis

136 1283 226 1329 assidua
240 1299 275 1342 res
289 1289 330 1338 est,
347 1283 461 1330 detectum
477 1298 563 1336 aurum,
581 1282 644 1328 velut
653 1280 703 1330 Dei
714 1298 811 1340 munuc,

137 1348 246 1409 colligere
256 1348 398 1410 permittitur.
422 1347 525 1396 Feminae
536 1363 572 1395 res
583 1347 727 1402 domesticus,
737 1363 813 1409 ogrof

138 1425 233 1474 rumque
244 1412 350 1467 culturos,
365 1413 536 1462 administrant:
556 1412 599 1474 ipsi
608 1412 678 1458 armis
688 1419 712 1457 et
724 1413 812 1474 ropiuit'

138 1477 246 1524 serviunt.
280 1475 397 1540 Praecipuo
414 1478 448 1525 his
467 1478 557 1539 quidem
575 1476 631 1522 ferri
649 1476 755 1531 materia,
770 1476 814 1529 sed

139 1540 197 1602 oque
208 1542 256 1603 ipso
266 1540 326 1588 ferro
335 1542 469 1589 violentior:
483 1543 565 1603 quippe
572 1543 813 1604 temperamentoque

138 1604 224 1653 ferrum
244 1607 316 1653 acrius
335 1607 447 1666 redditur5
468 1622 510 1654 nec
523 1606 595 1653 ulium
606 1605 665 1667 apud
680 1620 722 1652 eos
738 1608 812 1654 telum

140 1672 252 1732 probetur,
274 1671 335 1732 quod
353 1688 399 1718 nou
416 1678 456 1719 aut
466 1671 542 1718 Bilbili
558 1671 636 1724 fluvio,
654 1676 695 1728 out
705 1667 813 1732 Choiybe

141 1735 248 1797 tingatur.
284 1735 352 1782 Unde
363 1736 429 1783 otiam
442 1734 556 1796 Chalybes
566 1734 630 1783 iluvii
641 1736 708 1797 hujus
718 1733 812 1784 finitimi

141 1815 170 1862 ap
197 1800 251 1854 llari,
262 1798 366 1861 ferroque
376 1801 465 1848 caeteris
475 1807 581 1863 praestore
592 1799 704 1848 dicuntur.

100 1903 104 1918 ,
150 1861 152 1866 ’
189 1862 220 1911 V.
237 1864 313 1912 Saltus
327 1879 381 1911 vero
392 1863 556 1921 Tartesiorum,
574 1865 695 1925 inquibus
713 1862 813 1914 limnas

141 1929 225 1977 bellum
244 1930 349 1976 adversus
367 1928 433 1977 Deos
454 1931 552 1992 gessisse
567 1929 676 1992 proditur,
690 1928 813 1978 inculcem

144 1992 261 2051 Cunetcs;
279 2007 373 2055 quorum
385 2009 425 2041 rex
435 1989 601 2042 vetustissimus
612 1994 726 2056 Gargaris
736 1996 815 2042 mellis

143 2058 265 2121 colligendi
287 2075 352 2105 usum
374 2060 460 2120 primus
481 2060 576 2110 invenit.
618 2055 682 2106 Huic
704 2074 759 2106 cum
782 2074 812 2107 ex

143 2121 197 2170 filiae
208 2131 285 2185 stupro
297 2139 366 2186 nepos
377 2125 524 2186 provenisset,
539 2124 624 2186 pudore
638 2122 728 2184 flagitii,
743 2126 813 2172 variis

143 2189 264 2249 generibus
272 2190 384 2250 exstingui
397 2189 514 2250 parvulum
525 2189 610 2235 voluitr
629 2187 671 2234 sed
678 2202 721 2249 per
731 2204 813 2237 omncs

144 2265 209 2297 casus
225 2250 316 2298 fortuni
334 2251 429 2312 quidam
448 2261 560 2310 servatus,
578 2252 607 2299 ud
622 2259 765 2314 postremum
781 2254 813 2312 ¹ad

144 2329 240 2376 regnum
252 2323 286 2361 tot
296 2316 445 2377 periculorum
456 2318 599 2364 miseratione
608 2316 720 2377 pertenit.
760 2317 812 2364 Pri·

145 2392 208 2423 mum
220 2380 320 2425 omnium
332 2396 383 2426 cum
394 2397 446 2434 eum
457 2383 539 2443 exponi
547 2382 659 2443 jussisset,
669 2388 693 2427 el
700 2388 755 2442 post
765 2383 813 2429 diet

145 2440 174 2488 nd
193 2457 273 2503 corpus
295 2446 389 2505 expositi
411 2446 568 2506 requirendum
584 2446 688 2499 misisset,
705 2446 813 2494 intentur

144 2511 181 2550 est
196 2507 258 2552 vario
276 2505 373 2553 ferarum
387 2509 446 2556 lacte
465 2512 569 2557 nutritus.
603 2509 695 2556 Deinde
714 2510 812 2559 relctum

145 2566 243 2623 domum,
262 2572 350 2617 tramite
368 2582 473 2633 augusto,
492 2591 531 2635 per
550 2589 618 2636 quem
633 2579 736 2623 armenia
748 2589 812 2621 oom-

144 2639 220 2682 meere
230 2644 399 2691 consueverant,
416 2638 494 2699 projici
507 2640 585 2701 jubet;
602 2637 812 2699 crudelisprorsus,

144 2694 182 2753 qui
193 2697 317 2757 proculcari
329 2706 441 2766 nepotem,
453 2716 520 2766 quam
531 2702 629 2765 simplici
636 2701 813 2762 morteiuterdci
889 2719 892 2778 ὲ
