1800 2942
140 191 189 236 222
283 179 550 234 JUSTINPLmJIX.
565 181 626 233 Car.
637 185 666 231 7,”

141 317 216 371 niune,
232 313 364 375 Amyntam,
377 319 401 360 et
411 310 522 367 Attalum,
538 314 602 375 cujus
619 327 720 361 sororem
731 327 816 378 nuper,¹

141 377 236 446 exprdai
253 378 376 427 Alexandri
393 384 465 424 matre
479 377 614 440 Olympiade
630 385 723 440 propter
738 382 808 443 stupri

142 463 155 496 s
197 446 298 498 cionem,
307 443 331 489 in
342 442 508 490 matrimonium
521 451 641 505 receperat.

202 510 222 558 1.
239 507 338 564 Interea,
349 508 403 553 dum
418 508 502 554 auxilia
516 522 529 553 a
541 507 633 554 Graeciir
647 507 740 566 coeunt,
751 523 808 573 nup·

142 578 187 625 tias
198 573 326 636 Cleopatrae
336 571 396 626 filiae,
405 579 429 619 et
440 570 571 626 Alexandri,
582 588 649 634 quem
660 588 738 634 regem
745 572 809 636 Epiri
896 611 897 632 ,

141 643 233 695 fenerat,
252 638 355 685 celebrat.
386 635 446 683 Dies
461 645 516 692 erat,
531 652 573 699 pro
583 638 741 699 magnitudine
756 639 810 686 dm
896 653 897 656 ,

143 722 195 755 rum
203 719 292 766 regum,
303 710 327 749 et
337 701 469 749 collocantis
479 701 555 757 filiam,
562 710 586 749 et
593 717 687 750 uxorem
698 703 810 763 ducentia,

143 770 284 834 apparatibus
292 767 396 829 insignia.
427 766 526 814 Sednec
533 766 637 814 ludorum
645 766 811 829 magnificentia

144 836 233 884 deerat:
253 833 282 880 ad
296 845 390 893 quorum
402 833 553 892 spectaculum
566 831 683 894 Philippus
698 848 752 880 curn
763 834 810 882 aine

143 899 273 948 custodibus
290 896 389 958 corporis
407 896 494 943 medius
510 898 569 943 inter
587 897 644 944 duos
660 896 812 954 Alexandros,

143 964 215 1011 filium
233 975 394 1025 generumque,
411 961 564 1016 contenderet,
584 961 716 1017 Pausanias,
730 964 813 1024 ¹nobilis

144 1044 174 1077 ex
184 1027 348 1075 Macedonibus
355 1025 493 1080 adolescens,
505 1027 589 1074 nemini
600 1035 725 1089 suspectus,
745 1044 812 1076 oceu-

143 1091 341 1157 patisaugustiis,
362 1088 490 1152 Philippum
512 1091 537 1137 in
561 1092 657 1138 mansitu
678 1094 812 1151 obtruncat;

144 1158 258 1220 diemque,
276 1156 363 1203 latitia
377 1155 520 1210 destinatum,
541 1154 628 1203 foedum
645 1156 708 1204 luctu
727 1157 813 1206 funeris

142 1222 205 1271 facit.
237 1220 286 1268 Hic
304 1220 382 1283 primis
397 1221 520 1282 pubertatis
535 1222 600 1268 annis
610 1228 713 1282 stuprum
725 1239 766 1285 per
776 1224 812 1271 in·

139 1289 223 1352 Juriam
234 1301 314 1351 passus
323 1286 351 1334 ab
362 1285 441 1333 Attalo
449 1284 537 1343 fueram
554 1287 617 1347 cujus
627 1286 757 1348 indignitati
765 1289 814 1336 baec

144 1355 213 1402 etiam
229 1351 320 1400 fce'ditas
341 1356 479 1397 accesserat:
498 1364 550 1396 narn
568 1350 700 1419 perductum
717 1353 742 1399 in
758 1369 814 1401 eon·

145 1419 238 1473 virium,
257 1417 400 1477 solutumque
410 1430 481 1468 mero,
494 1414 585 1462 Attalus
597 1431 642 1462 non
657 1431 705 1463 sure
716 1424 813 1475 tantum,

139 1550 234 1612 jecerat,
243 1546 407 1607 ludibriumque
416 1544 518 1591 omnium
528 1544 588 1591 inter
603 1546 701 1606 aequales
711 1548 815 1595 reddide-

144 1621 186 1661 rat.
219 1610 289 1659 Hanc
309 1625 356 1657 rem
374 1624 436 1671 aegre
450 1608 527 1655 ferens
547 1608 678 1665 Pausanias,
696 1612 814 1671 querelam

145 1677 251 1738 Philippo
262 1690 322 1737 saepe
332 1674 447 1721 detulerat.
482 1671 542 1722 Cum
553 1674 621 1721 variis
630 1674 815 1725 frustrationibus

145 1756 193 1789 non
201 1740 250 1787 sina
258 1740 304 1786 risu
314 1738 446 1793 differretur,
458 1746 482 1785 et
489 1739 623 1786 honoratum
631 1741 722 1802 insuper
730 1743 815 1790 ducatu

144 1804 296 1854 adversarium
312 1810 419 1859 cerneret,
436 1804 492 1850 iram
503 1805 526 1850 in
537 1805 609 1866 ipsum
621 1803 750 1867 Philippum
761 1822 814 1855 ver·

142 1872 188 1929 tit;
204 1868 363 1928 ultionemque,
378 1883 445 1927 quam
463 1869 491 1918 ab
508 1868 635 1917 adversario
653 1885 700 1917 non
717 1878 814 1933 poterat,

145 1937 174 1984 ab
184 1935 261 1995 iniquo
267 1933 344 1993 judice
354 1933 439 1994 exegit.

177 1996 237 2048 VII.
254 1996 370 2047 Creditum
381 2003 416 2046 est
426 1998 494 2045 etiam
504 1998 629 2045 immissum
641 2000 669 2046 ab
677 1999 815 2063 Olympiade

144 2072 218 2113 matre
223 2062 347 2112 Alexandri
357 2061 441 2120 suisse;
454 2078 496 2110 nec
502 2062 575 2126 ipsum
585 2063 741 2112 Alexandrum
747 2067 814 2128 igna-

145 2145 197 2178 rum
213 2136 314 2191 paternae
330 2127 398 2174 caedr
420 2128 548 2175 exstitisse:
574 2130 656 2190 quippe
672 2145 718 2178 non
737 2132 814 2180 minus

146 2194 282 2256 Olympiada
300 2193 422 2255 repudium,
434 2202 458 2239 et
468 2194 583 2255 praelatam
602 2191 815 2256 sibi-Cleopatram,

144 2272 212 2321 quam
234 2253 338 2321 stuprum
357 2255 491 2305 Pausaniam
513 2256 617 2308 doluisse
656 2259 815 2309 Alexandrum

145 2337 235 2385 quoque
246 2324 311 2384 regni
321 2321 427 2370 aemulum
437 2321 529 2369 fratrem
537 2337 566 2369 ex
574 2320 672 2369 novercis
682 2334 815 2388 susceptam

145 2387 265 2443 timuisse;
281 2401 354 2447 eoque
365 2386 456 2441 facturn,
477 2393 502 2433 ut
519 2387 543 2433 in
560 2388 748 2445 comminantes,
767 2392 815 2453 pri.

145 2466 210 2500 mum
226 2465 278 2498 cum
299 2450 384 2506 Attalo,
405 2466 461 2497 mox
479 2466 530 2497 cum
547 2452 597 2512 ipso
614 2460 677 2512 patre
690 2454 815 2515 Jurgaret5

146 2516 202 2565 adeo
213 2521 239 2561 ut
249 2515 316 2561 etiam
334 2514 412 2561 stricto
429 2515 505 2577 gladio
522 2530 574 2563 eum
586 2515 703 2577 Philippus
718 2534 816 2567 consec·

144 2588 205 2629 tatus
221 2580 259 2635 rit,
278 2591 382 2640 aegreque
399 2578 468 2625 afilii
486 2580 548 2627 eaede
564 2580 687 2627 amicorum
709 2584 816 2642 precibtu

145 2651 257 2694 exoratus.
291 2642 443 2697 Quamobrem
460 2641 589 2691 Alexander
598 2644 627 2690 ad
636 2646 776 2693 avunculum
788 2662 815 2694 se

144 2710 168 2770 in
184 2707 281 2772 Epirum
299 2721 351 2756 curn
369 2714 448 2763 matre,
467 2707 520 2756 inde
537 2707 660 2772 advregem
677 2706 813 2771 lllyriorum
