1800 2942
320 550 507 618 JUSTINI

81 702 386 796 lrnsronrnnuru
407 735 726 796 rnrnrrrrcnnuru

180 911 287 960 LIBER
304 912 495 964 VICESIMUS
513 914 655 963 SEXTUS.

114 1188 136 1236 1.
153 1189 215 1238 Pus-r
228 1198 324 1238 mortem
337 1190 430 1252 Pyrrhi,
444 1207 490 1238 non
505 1192 528 1237 in
545 1190 681 1238 Macedoniri
695 1199 747 1239 tan·

76 1263 141 1310 tum,
152 1266 230 1302 verum
241 1258 308 1304 etiam
316 1257 339 1302 in
347 1253 547 1317 Arid'Graecidqua
554 1257 631 1318 magni
638 1254 747 1302 beiloium

80 1327 159 1367 motus
169 1319 240 1369 inbre.
271 1320 333 1367 Nam
345 1329 368 1368 et
379 1319 589 1383 Peloponnesiiper
598 1321 746 1382 proditionem

80 1385 203 1447 Antigono
218 1386 303 1433 traditi:
322 1394 353 1440 et,
369 1387 471 1432 variante
481 1387 597 1433 bominum
613 1387 693 1448 partim
705 1386 747 1431 dn·

77 1451 139 1504 iore,
150 1451 231 1512 partim
239 1451 328 1513 gaudio,
339 1459 406 1512 prout
412 1451 510 1513 singuiae
518 1452 620 1499 civitates
631 1458 671 1497 aut
681 1450 746 1496 auxi·

74 1516 138 1562 ·lium
149 1515 178 1562 de
189 1514 278 1576 Pyrrho
289 1523 438 1577 speraverant,
450 1524 489 1562 aut
500 1526 574 1563 metus
585 1518 746 1568 sustinuerant,

72 1581 114 1627 ita
135 1587 175 1627 aut
192 1596 244 1626 cum
264 1580 383 1642 Antigono
400 1582 544 1627 societatem·
549 1581 684 1643 jungebant,
708 1587 747 1626 aut

79 1645 167 1691 mutuis
179 1645 238 1692 inter
249 1660 274 1692 se
284 1646 340 1691 odiis
351 1647 374 1691 in
384 1645 468 1692 bellum
480 1647 580 1692 ruebant.
612 1644 676 1691 Inter
686 1644 746 1691 hune

79 1710 220 1756 turbaturum
226 1711 392 1773 provinciarum
399 1720 493 1765 motum,
503 1708 648 1774 [Epirorum]
657 1720 747 1771 qunque

80 1774 138 1821 urbs
147 1775 176 1820 ab
186 1774 321 1822 Aristotimo
331 1776 430 1838 principe
446 1791 487 1838 per
496 1775 637 1837 tyrannidem
649 1790 746 1836 occupa·

80 1847 134 1886 tur:
153 1852 167 1885 a
181 1855 226 1900 quo
242 1855 294 1887 eum
308 1841 374 1886 multi
388 1855 418 1887 ex
431 1841 564 1903 primoribus
581 1841 656 1895 occisi,
670 1840 746 1902 plures

77 1905 105 1950 in
117 1903 221 1965 exsilium
232 1907 275 1951 suti
287 1913 369 1958 essent,
386 1905 472 1952 AEtolis
482 1921 522 1968 per
532 1906 619 1969 legatos
629 1904 745 1967 postulan-

72 1969 150 2022 tibus,
168 1970 276 2033 conjuges
287 1970 414 2030 liberosque
424 1971 527 2017 exsulum
544 1971 653 2022 redderet,
671 1964 744 2030 primo
792 1988 795 1997 ’

79 2034 191 2095 negarit:
217 2042 301 2097 postes,
320 2036 382 2094 quasi
399 2035 526 2096 poeniteret,
544 2032 699 2096 proficiscendi
718 2032 747 2078 sd

80 2113 137 2146 suos
153 2100 257 2145 omnibus
273 2101 383 2146 matronis
397 2107 539 2161 potestatem
549 2099 625 2154 dedit;
642 2097 747 2157 diemque

69 2161 227 2227 profectionis
241 2165 326 2211 statuit.
359 2162 417 2218 Illae,
434 2165 504 2225 quasi*
512 2165 535 2208 in
546 2170 679 2224 perpetuum
693 2170 749 2207 eum·

70 2227 137 2274 ‘viris
147 2228 298 2283 exsulatum,
320 2229 481 2290 pretiosissima
498 2242 594 2289 quaeque
612 2224 746 2283 auferentes,

70 2302 135 2341 ¹cum
147 2293 175 2337 ad
185 2300 272 2355 portum
282 2295 345 2354 quusi
357 2308 403 2340 uno
413 2293 504 2355 agmine
514 2292 648 2355 profecturae
659 2304 747 2339 ‘conve-

70 2358 176 2410 sissent,
197 2358 300 2404 omnibus
315 2358 381 2404 rebus
396 2358 533 2419 exspolirtae,
551 2358 575 2403 in
586 2353 745 2424 curtersmgre·

68 2421 217 2479 ·clnduntur;
235 2422 315 2468 occisis
325 2423 387 2485 prius
400 2424 424 2469 in
435 2423 523 2485 gremio
536 2428 633 2483 matrum
646 2421 745 2485 parvulis

66 2486 165 2541 -ltheris,
181 2487 349 2549 virginibusque
363 2488 392 2535 ad
407 2498 509 2550 stuprum
519 2487 619 2550 direptis.
649 2486 689 2533 Ad
698 2491 745 2531 tam

78 2564 167 2599 staram
179 2551 354 2600 dominationem
365 2552 506 2616 stupentibus
516 2553 631 2608 omnibus,
642 2551 745 2613 princeps

37 2618 42 2622 '
65 2627 161 2663 warum
174 2613 314 2673 Hellanicus,
331 2633 402 2665 senex
412 2626 435 2666 et
445 2618 521 2665 liberis
530 2619 604 2671 orbus,
619 2613 692 2676 utqui
703 2626 745 2659 uec

63 2716 67 2721 «
78 2679 156 2728 artatis
166 2695 209 2727 nec
219 2678 324 2744 pignoris
336 2691 439 2746 respoem
450 2684 546 2736 timeret,v
562 2677 744 2728 connectendo·

63 2758 145 2794 zmum
154 2742 273 2798 turnines
283 2748 408 2799 tmic'omm'
416 2748 441 2796 in
453 2747 574 2796 vindictum
583 2745 661 2809 patriar
669 2743 745 2790 borta-
