1800 2942
171 144 218 191 llo
400 140 602 191 JUGURTHA.
724 140 789 192 Cu·
802 151 843 197 96·

165 286 207 335 pro
224 272 301 333 salute,
319 271 464 326 certantibus,
482 278 575 334 repente
593 287 607 318 s
627 279 693 334 tergo
712 274 781 334 signa
801 292 842 324 cs·

166 353 233 385 nere:
253 352 280 384 uc
291 337 362 400 primo
379 336 485 383 mulieres
501 344 525 382 et
542 338 613 398 pueri,
631 338 669 398 qui
685 338 759 384 visum
780 342 841 401 pro·

166 411 286 455 cesserunt,
298 402 393 464 sugere3
411 401 499 454 deinde,
518 403 551 447 uti
563 403 656 463 quisque
667 416 732 449 muro
748 419 841 465 proxu-

162 482 218 513 mus
229 476 284 519 erat,
295 476 410 529 postremo
422 466 497 512 cuncti
509 468 588 512 armati
598 467 745 527 inermesque
764 468 842 524 Quod

166 533 203 578 ubi
215 532 301 584 eccidit,
322 547 349 578 eo
369 531 442 577 serius
462 530 560 578 Romani
579 532 669 586 instare,
687 530 841 589 fundes-‘se

164 597 283 660 plerosque
294 596 449 643 tuntummodo
466 597 571 650 sauciare,
588 596 640 642 dein
659 611 726 658 super
744 600 839 647 occiso-

164 677 215 708 rum
228 676 321 723 eorpors
332 662 429 713 vadem
447 660 506 706 uvidi
518 660 605 722 glorie,
618 669 730 708 certantes
741 677 839 713 murum

164 734 257 790 petere;
276 741 349 786 neque
369 727 502 786 quemquam
525 725 625 771 omnium
647 726 724 787 praedu
742 732 840 778 morari.

164 792 204 839 sic
214 790 273 839 forte
283 798 390 844 correcte,
403 789 473 836 Marii
488 790 604 836 temeritas
619 791 715 853 glorium
725 806 756 838 ex
766 795 839 858 culpsi

165 857 259 905 invenit
477 874 480 881 ·
803 878 807 887 ·

164 950 165 955 =
197 920 277 971 XCV.
301 920 423 976 Ceterum,
442 922 496 969 dum
512 936 539 970 eu
555 937 592 969 res
609 924 701 984 geritur,
714 920 743 969 1,
761 922 836 981 Sulis,

164 995 271 1050 quaestor,
282 996 340 1032 'cum
352 1002 436 1048 magno
446 989 585 1048 equitstu‘in
596 994 669 1033 cestre
680 988 757 1044 venit3
775 1004 838 1050 quos

165 1052 198 1098 uti
209 1066 238 1097 ex
250 1050 317 1097 Latio
328 1060 351 1097 et
362 1067 375 1097 a
387 1053 453 1098 sociis
465 1060 563 1114 cogeret,
580 1051 663 1099 Romae
674 1052 765 1100 relictus
776 1063 838 1103 erat,

165 1116 217 1171 Sed,
236 1116 341 1177 quonium
352 1117 408 1163 tanti
420 1118 463 1163 viri
481 1133 517 1164 res
528 1118 658 1173 admonuit3
676 1117 782 1164 idoneum
793 1123 834 1166 vi·

164 1196 214 1228 sum
226 1191 268 1235 est,
289 1181 317 1226 de
327 1180 407 1228 uaturd
417 1182 524 1243 cultuque
534 1184 583 1239 ejus
593 1183 670 1243 paucis
680 1182 768 1230 dicere:
779 1200 834 1233 'ne-

163 1260 210 1308 que
219 1248 279 1293 enim
291 1247 334 1293 elio
344 1246 395 1293 loco
407 1246 435 1293 de
446 1247 516 1293 Sullae
527 1248 592 1293 rebus
603 1248 682 1293 dicturi
694 1262 787 1295 sumus:
797 1254 835 1299 ‘et

164 1309 194 1358 L.
211 1312 313 1362 Sisenna.
333 1319 425 1373 optume
440 1323 465 1357 et
474 1310 654 1373 diligentissume
664 1313 774 1369 omnium,
791 1319 834 1376 qui

164 1391 203 1424 ess
222 1393 259 1423 res
275 1375 358 1431 dixere,
377 1383 515 1439 persecutus,
535 1392 613 1438 perum
633 1377 687 1423 milri
703 1376 774 1424 libero
789 1395 834 1428 ore
894 1430 895 1439 p

163 1441 253 1488 locutus
263 1442 362 1489 videsue
392 1440 468 1503 Igitur
482 1441 545 1488 Suus
555 1443 631 1504 gentis
640 1442 746 1503 pstrieiae,
763 1442 833 1492 furni.

162 1506 193 1554 lii
204 1523 274 1570 prope
279 1509 328 1568 jam
339 1505 450 1553 exstincti
457 1507 567 1569 majorum
579 1505 675 1567 ignavitl,
683 1506 754 1554 literis
759 1509 831 1557 Grte-
893 1552 894 1557 ,

164 1573 197 1620 cis
214 1582 281 1634 utque
299 1571 388 1619 Latinis
401 1574 468 1635 juxte
483 1579 551 1632 utque
567 1571 704 1618 doctissume
721 1573 832 1631 eruditus,

164 1638 240 1683 animo
250 1639 345 1697 ingenti,
363 1638 457 1698 cupidus
474 1637 622 1698 voluptatum,
640 1636 679 1683 sed
694 1636 775 1698 gloriae
786 1654 830 1686 cu·

162 1702 249 1764 pidior:
269 1703 317 1748 otio
333 1701 463 1758 luxurios03
481 1708 555 1748 nmen
568 1703 595 1749 ab
606 1701 704 1763 negotiis
714 1717 831 1764 nuuqusm

162 1766 268 1827 voluptas
279 1773 395 1819 remorata,
412 1768 456 1813 nisi
467 1766 527 1827 quod
537 1767 565 1813 de
576 1782 646 1814 uxore
660 1767 733 1829 potuit
744 1768 830 1817 hona·

163 1832 209 1877 tius
220 1830 321 1876 consuli:
342 1829 459 1884 facundus,
478 1831 578 1885 callidus,
594 1842 616 1878 et
633 1831 730 1878 amicitiis
739 1831 826 1882 facilis:

164 1895 193 1942 nd
207 1894 330 1941 simulanda
349 1897 441 1958 negotis
460 1896 554 1943 altitudo
573 1897 657 1957 ingenii
676 1898 827 1948 incredibilis:

162 1959 283 2006 multarum
296 1974 376 2012 rerum,
393 1975 420 2006 sc
430 1975 536 2007 maxume
546 1961 653 2023 munim,
664 1960 766 2023 largitor.
782 1963 830 2011 At.

162 2041 207 2087 que
216 2024 353 2072 felicissumo
364 2026 465 2071 omnium
476 2035 528 2071 ante
536 2025 624 2071 civilem
633 2025 757 2081 victorium,
769 2033 829 2075 nuh.

163 2105 230 2152 quem
243 2106 309 2151 super
323 2091 455 2136 industriam
472 2089 563 2136 fortuna
572 2088 627 2145 iuit3
646 2089 755 2149 multique
765 2092 831 2140 dubi·

161 2153 362 2208 teverelortiorsn
373 2156 535 2202 felicioresset:
545 2169 597 2200 nsm
602 2154 830 2214 postesquaeleeerit,

161 2219 272 2266 incertum
284 2221 361 2273 habeo,
372 2220 455 2281 pudent
466 2220 539 2279 magis
553 2234 581 2264 an
597 2220 673 2279 pigent
684 2220 806 2270 disserere:

195 2282 288 2332 XCVI.
319 2282 393 2345 Igitur
406 2285 475 2337 Sulls,
487 2291 512 2330 ut
523 2298 590 2344 supra
603 2284 694 2336 dietum,
709 2293 830 2347 postquam

161 2345 185 2396 iu
198 2349 298 2395 Africam
310 2358 377 2409 utque
388 2350 410 2396 iu
423 2357 496 2395 cestro
508 2347 577 2393 Marii
587 2362 638 2394 cum
650 2349 750 2408 equitatu
758 2352 831 2408 venit,

160 2414 224 2462 rudis
235 2421 299 2460 untes
315 2423 338 2459 et
354 2415 446 2475 ignarus
462 2412 521 2467 belli,
539 2411 713 2459 sollertissumus
727 2417 832 2464 omnium

160 2481 186 2527 ln
197 2479 273 2542 paucis
292 2479 459 2539 tempestatibus
470 2477 544 2524 fuctus
560 2485 602 2523 est.
635 2477 672 2523 Ad
688 2478 731 2524 hoe
747 2481 834 2530 milites

156 2544 260 2606 benigne
278 2543 402 2606 appellare3
426 2542 503 2589 multis
519 2543 657 2604 rogantibus,
679 2544 728 2590 aliis
747 2560 790 2607 per
806 2563 834 2595 se

158 2609 215 2673 lpse,
231 2609 283 2655 dure
293 2607 405 2664 benefitia,
416 2609 501 2655 invitus
517 2609 632 2669 accipere3
649 2609 689 2656 sed
703 2624 730 2656 ea
744 2618 831 2673 prope-

158 2674 248 2726 nntius
257 2688 324 2738 quum
335 2689 368 2724 aes
378 2682 482 2722 mutuum
493 2673 587 2737 reddsre
593 2690 602 2733 ;
619 2673 668 2738 lpse
678 2673 706 2722 sb
715 2674 780 2743 nullo
792 2691 831 2725 re·

272 2778 276 2787 ι
322 2780 328 2793 9
374 2774 380 2783 ⁸

168 2780 338 2898 1
