1800 2942
144 184 176 229 8⁸
374 177 393 227 J
395 175 576 227 UGURTHA.
700 172 761 225 Car.
773 177 814 224 6⁵·

141 309 261 358 amicitiant
272 322 370 363 mouere
387 323 417 354 ne
426 315 474 354 tarn
484 321 554 370 prava
562 304 677 368 inciperet,
688 320 734 353 neu
745 318 813 369 nuper

141 374 255 422 fortunam
272 374 371 421 animum
388 380 494 435 gereretr
512 386 559 419 non
569 371 760 419 omniaomnibua
770 386 813 418 ou·

142 440 301 503 piundaeaae:
321 439 402 486 debere
412 439 444 484 illi
456 452 492 484 rea
504 452 556 484 auae
574 436 628 483 attia
645 436 749 499 placeret
768 452 813 499 po·

142 513 227 553 atremo
238 513 328 552 caveret
343 505 367 550 id
377 510 453 565 petere
463 518 477 549 a
486 499 568 565 populo
580 500 692 556 Romano,
707 502 769 562 quod
780 499 814 548 illl

137 572 191 633 Jure
199 578 326 632 negaretur.
361 568 485 629 Postquam
496 569 545 615 lraec
555 574 623 628 atque
633 566 686 614 talia
693 566 758 621 dixit,
769 580 814 613 ne·

143 650 187 697 que
204 637 292 682 animur
304 633 374 680 Marii
392 632 502 689 fleotitnr;
519 632 640 694 respoudit,
660 631 696 677 ubi
710 631 811 693 primum

142 700 254 763 potuiaeet
272 715 312 762 per
327 700 420 761 negotia
437 697 532 761 publiea.
550 697 661 744 iacturum
682 711 742 754 aeae,
759 708 814 757 quan

142 772 236 828 peteret.
275 765 312 811 Ac
323 772 401 826 poatea
411 765 494 826 alepino
505 763 582 809 eadem
593 760 721 823 poetnlanti.
738 758 814 808 senar

143 830 234 884 dixitur.
245 845 274 877 ne
284 829 401 877 festinaret
416 829 490 875 abire:
509 828 564 876 aaut
579 834 667 873 mature
679 825 743 873 illum
758 840 813 872 cnm

142 895 190 943 illio
200 911 242 943 auo
253 895 394 942 consulatum
405 894 535 955 petitumm.
566 889 592 938 Ia
605 907 634 938 eo
644 898 745 952 tempore
755 905 814 938 oon·

142 961 247 1009 tubernlo
257 961 326 1021 patrie
342 960 424 1005 ibidem
435 958 549 1012 militabat,
557 971 629 1005 aanor
642 963 709 1004 natue
722 956 822 1007 circiter¹

143 1025 225 1086 viginti
235 1041 241 1069 z
260 1039 312 1084 quae
323 1038 359 1069 rea
369 1023 477 1077 Marium,
489 1037 542 1068 cuna
553 1037 594 1084 pro
605 1022 691 1069 honore
699 1035 768 1082 quern
778 1019 816 1068 ai·

143 1090 246 1143 factabat,
266 1097 314 1134 tum
331 1096 412 1135 contra
429 1087 558 1141 Metellum,
575 1086 722 1133 vehementer
732 1100 816 1132 aecen-

145 1156 216 1203 (lerat
243 1150 282 1199 Ita
291 1152 395 1215 cupidine
401 1158 469 1213 atque
476 1149 516 1205 iri,
523 1152 634 1213 parumia
642 1150 816 1206 consultoribus,

95 1236 100 1257 ¹
146 1219 259 1282 μεικτὴ
282 1232 355 1278 neque
372 1216 433 1264 iacto
457 1216 505 1263 ullo
523 1230 595 1277 neque
613 1215 674 1262 dicto
694 1215 816 1272 abadnere,

146 1284 207 1346 quod
225 1283 293 1331 modo
319 1283 462 1331 ambitiosum
479 1280 551 1328 foret:
578 1280 668 1336 militer,
689 1280 770 1341 quibua
791 1280 818 1328 in

146 1349 245 1399 hibernia
260 1356 362 1411 praerat,
380 1347 466 1394 laxiore
482 1345 583 1407 imperio,
599 1360 667 1406 quarn
683 1351 756 1400 antea,
774 1345 819 1392 ha·

144 1416 214 1463 bere:
234 1415 293 1477 apud
309 1413 471 1476 negotiatores,
485 1424 581 1471 quorum
597 1424 681 1472 magua
695 1409 820 1457 multitudo

150 1479 227 1528 Uticae
241 1487 296 1534 erat,
313 1478 433 1526 criminose
451 1475 520 1522 aimul
535 1483 559 1522 et
574 1473 694 1537 magnifiee
712 1475 741 1521 de
758 1474 820 1523 bello

146 1546 223 1607 loqui:
249 1544 340 1592 dimidia
362 1557 413 1605 para
440 1540 554 1588 exercitia
574 1541 617 1586 eibi
643 1540 818 1601 permitteretur,

147 1611 225 1674 paucio
241 1611 319 1656 diebus
335 1607 473 1670 „Iugurtham
488 1605 512 1652 in
529 1606 614 1652 eatenis
627 1604 770 1652 habiturum:
790 1606 820 1652 ab

148 1677 284 1737 imperatore
306 1674 410 1720 consulto
431 1671 497 1726 uehi,
519 1670 579 1733 quod
600 1671 668 1716 homo
689 1670 771 1726 inane,
795 1677 820 1717 et

147 1741 219 1802 regiae
229 1739 344 1800 superbia
353 1738 447 1799 imperio
455 1735 522 1782 nimia
527 1735 643 1798 gauderet.
670 1733 732 1789 Quae
743 1736 821 1783 omnia

148 1805 193 1852 illia
211 1819 239 1850 eo
256 1802 355 1848 firmiora
368 1802 507 1857 videbantur,
522 1800 582 1862 quod
600 1800 747 1847 diuturnitate
764 1801 818 1848 belli

149 1885 187 1916 rea
203 1868 319 1916 familiaria
335 1873 488 1927 corruperant,
506 1872 532 1912 et
548 1865 625 1913 animo
642 1864 741 1927 cupienti
763 1866 820 1912 nihil

150 1935 206 1983 tatia
215 1933 342 1980 festinatur.

182 1997 264 2046 LXV.
280 1996 339 2044 Erat
356 2004 468 2059 praeterea
475 1996 499 2043 in
510 1996 610 2044 exercitu
627 2002 706 2043 noatro
717 1994 820 2047 Numida

150 2065 247 2124 quidam,
265 2063 357 2110 nomine
376 2063 466 2117 Gauda,
485 2061 646 2110 Mastanabalis
660 2059 727 2114 iilius,
746 2060 821 2109 Masi-

149 2130 218 2176 uiasae
235 2144 313 2190 nepos,
332 2143 400 2189 quem
422 2126 521 2189 Micipaa
539 2133 674 2173 tentamento
694 2127 821 2174 necandum

153 2195 266 2242 haeredem
285 2195 411 2255 scripserat,
435 2192 518 2239 morbis
539 2190 661 2244 conseatur,
679 2198 703 2236 et
722 2191 751 2237 ob
770 2207 823 2239 eam

153 2275 244 2306 causam
264 2267 340 2305 mente
363 2259 455 2320 paulum
477 2253 604 2303 imminuti.
643 2253 687 2303 Cui
710 2254 824 2305 Metellus

151 2325 244 2386 petenti,
264 2338 328 2370 more
346 2337 426 2385 regum
436 2323 470 2369 uti
482 2321 559 2368 uellam
574 2321 641 2383 juxta
653 2327 754 2382 poneret,
766 2322 825 2369 item

153 2397 233 2450 postea
243 2388 351 2434 custodiae
362 2386 430 2434 causi
438 2396 536 2434 turmam
546 2387 646 2447 equitum
657 2384 826 2442 Rornanorum,

153 2461 274 2514 utrumque
293 2460 430 2513 negaveratz
449 2453 566 2506 honorem,
584 2450 645 2510 quod
660 2464 739 2497 eorum
755 2452 827 2500 modo

153 2518 219 2572 toret,
241 2532 299 2578 quoa
316 2517 411 2577 populna
428 2515 548 2562 Romanus
566 2531 632 2577 regen
650 2514 828 2576 appellaviaaetp
879 2566 884 2572 ,

154 2583 291 2645 praeaidium,
320 2581 382 2641 quod
401 2581 589 2627 oontumelioaum
611 2581 635 2626 in
656 2594 695 2626 eoa
716 2578 785 2635 toret,
808 2582 830 2628 ai

152 2648 242 2708 equites
251 2646 349 2693 Romani
360 2645 468 2692 satellites
475 2644 583 2692 Numidae
590 2644 737 2691 traderentur.
754 2643 830 2693 Hune

154 2711 248 2779 Mariua
258 2712 352 2761 anxium
368 2710 507 2774 aggreditur,
521 2716 589 2773 atque
599 2709 707 2765 honatur.
725 2709 831 2759 uti-eoru
