1800 2942
128 185 176 233 174
271 183 409 236 JUSTlNI
425 185 479 235 Lm
491 185 525 233 Π.
542 186 602 237 Car.
613 187 661 237 15:

126 320 161 362 toa
172 314 316 364 morientium
330 315 380 371 suit,
392 324 418 364 ut
427 318 473 365 vire
488 318 632 365 cadaveribus
641 318 800 381 implerentur,
845 350 848 356 ·

126 380 234 442 alitesque
250 389 273 428 et
287 382 372 438 bestiae,
389 397 448 429 escre
464 382 574 430 illecebris
585 383 718 440 sollicitata,
730 401 800 434 exer-

127 446 196 492 citum
208 454 361 507 sequerentur.

159 509 230 558 xlv.
247 510 341 558 Interim
357 510 499 559 ,Mardonius
514 513 537 560 in
555 511 646 561 Graecii
665 512 798 574 Olynthum

125 583 247 637 expugnat
280 575 433 623 Athenienses
444 592 533 638 quoque
549 577 572 623 in
583 592 647 638 spem
656 579 727 638 pacis,
739 581 798 626 ami-

125 641 245 702 citiamque
263 642 323 702 regis
340 640 451 696 sollicitat,
470 642 583 702 spondens
597 643 697 689 incensae
716 658 798 691 eorum

126 706 186 752 urbis
203 705 271 752 etiam
292 706 316 752 in
335 706 408 768 majus
427 707 601 754 restitutionem.
642 706 798 770 Posteaquam

125 770 188 817 nullo
207 771 279 831 pretio
295 770 419 818 libertatern
438 771 500 817 ridet
519 772 555 818 his
569 771 680 825 venalem,
696 773 798 822 incensis

125 850 176 896 que
187 834 297 882 aedificare
316 842 436 897 cuperant,
455 838 531 898 copias
546 837 570 883 in
590 836 704 883 Boeotiam
721 846 797 886 nans·

122 899 175 947 sert.
206 898 417 948 EoctGraecorum
425 901 691 963 exercitusquicentum
699 903 808 950 millium·
876 955 878 958 ,

123 964 174 1016 suit,
190 973 281 1012 secutus
291 971 340 1011 est:
359 965 433 1026 ibique
442 966 547 1026 proelium
563 967 718 1014 commissum.
750 968 798 1016 Sed

124 1028 216 1076 fortuna
227 1030 287 1091 regis
298 1043 350 1075 curu
361 1030 417 1076 duce
428 1038 516 1078 mutata
525 1045 572 1078 non
589 1039 636 1078 est:
656 1046 708 1078 nun
720 1032 797 1080 victus

124 1093 266 1148 Mardonius,
278 1094 348 1141 veluti
359 1109 389 1141 ex
399 1095 524 1157 naufragio,
537 1111 588 1142 cum
600 1096 675 1158 paucis
686 1096 798 1158 profugit.

126 1157 207 1206 Castra
218 1157 300 1207 referta
316 1159 399 1221 regalis
418 1160 539 1222 opulentiae
555 1169 626 1223 capta
660 1160 730 1208 Unde
747 1163 805 1224 pri·-

124 1239 187 1271 mum
200 1224 301 1281 Graecos,
313 1224 385 1271 diviso
392 1225 451 1272 inter
462 1240 487 1271 se
494 1240 549 1272 auro
558 1224 656 1279 Persico,
665 1226 796 1274 divitiarum

123 1289 212 1338 luxuria
220 1290 285 1351 cepit
318 1289 407 1337 Eodem
417 1289 477 1337 forte
487 1291 531 1348 die,
540 1306 585 1350 quo
595 1289 709 1338 Mardouii
720 1293 795 1354 copiae

124 1354 204 1402 deletae
221 1363 281 1412 sunt,
295 1356 362 1402 etiam
381 1355 455 1402 navali
466 1355 546 1417 proelio
557 1356 580 1402 iu
592 1354 649 1403 Arii
664 1356 798 1404 submonte

124 1418 225 1480 Mycale,
242 1420 349 1468 adversm
364 1419 446 1467 Persas
465 1419 594 1467 dimicatum
613 1427 656 1468 est.
687 1418 723 1466 Ibi
741 1428 797 1469 ante

124 1485 316 1546 congressionem,
328 1500 379 1532 curn
390 1484 474 1532 classes
484 1499 513 1531 ex
524 1486 618 1533 adverso
630 1481 721 1539 starent,
734 1486 796 1534 fama

125 1550 154 1596 ad
171 1558 290 1610 utrumque
306 1550 429 1598 exercitum
448 1550 518 1603 venit,
543 1551 625 1599 vicisse
644 1550 748 1605 Grecos,
770 1560 796 1599 et

125 1613 241 1664 Mardonii
252 1616 327 1677 copias
337 1615 453 1662 occidione
463 1615 579 1662 occidisse.
611 1613 710 1662 Tantam
725 1614 796 1663 famae

123 1679 264 1726 velocitatem
272 1679 348 1733 luisse,
356 1687 387 1735 ut,
399 1695 450 1727 cum
459 1680 570 1726 matutino
578 1686 679 1742 ternpore
688 1681 796 1743 proelium

111 1743 114 1749 “
124 1744 147 1789 in
160 1742 252 1808 Boeotii
262 1745 405 1791 commissum
412 1746 448 1799 sit,
460 1744 588 1792 meridianis
598 1746 660 1792 horis
670 1744 694 1791 ia
707 1745 796 1801 Asiam,

124 1823 165 1872 per
175 1815 210 1854 tot
220 1809 302 1862 maria,¹
315 1815 338 1854 et
354 1816 441 1855 tuntum
460 1809 532 1870 spatii,
551 1816 597 1856 tam
608 1810 671 1856 brevi
688 1811 795 1857 horarum

124 1871 520 1928 momento.devictoriinuntiatum
528 1873 572 1923 sit!
608 1872 796 1931 Confectohello,

124 1953 175 1985 curn
188 1938 215 1985 de
226 1938 324 2000 praemiis
334 1938 458 1990 civitatium
470 1948 581 2001 ageretur,
591 1940 692 1986 omnium
699 1941 794 2002 judicio,

124 2003 298 2050 Atheniensium
319 2002 389 2050 virtus
407 2005 496 2051 caeteris
513 2005 612 2066 praelata.
643 2002 709 2051 Inter
725 2005 796 2053 duces

124 2083 213 2129 quoque
224 2068 395 2123 Themistocles,
412 2070 516 2131 princeps
527 2068 652 2116 civitatium
663 2069 796 2118 testimonio

120 2134 241 2196 judicatus,
254 2134 350 2195 gloriam
357 2134 437 2195 patriae
448 2149 497 2181 auae
508 2134 577 2180 auxit
803 2183 806 2188 ,

153 2197 214 2246 XV.
232 2197 307 2260 Igitur
317 2199 476 2253 Athenienses,
487 2200 548 2245 aucti
558 2206 582 2246 et
597 2198 696 2261 praemiis
706 2199 797 2248 belliet

123 2261 203 2325 glorii,
220 2265 296 2311 urbem
308 2279 337 2311 ex
348 2265 437 2325 integro
455 2264 552 2310 condere
570 2264 699 2311 moliuntur.
734 2263 802 2313 Curn'

123 2329 208 2375 moenia
218 2330 302 2391 majora
310 2329 420 2391 complexi
431 2328 533 2382 fuissent,
551 2330 648 2390 suspecti
658 2344 710 2375 esse
721 2327 797 2376 Lace·

125 2392 243 2439 daemoniis
261 2394 356 2455 crepere,
374 2404 434 2441 recte
449 2393 609 2455 reputantibus,
633 2393 714 2454 quibus
728 2395 797 2441 ruina
820 2441 822 2445 .

125 2458 185 2507 urbis
193 2465 280 2504 tantum
290 2459 422 2505 incrementi
434 2455 538 2512 dedisset,
552 2465 660 2518 quantum
673 2459 703 2504 sit
714 2458 797 2506 datura

123 2523 211 2572 munita
222 2523 307 2569 civitas
336 2522 434 2570 Mittunt
444 2539 500 2585 ergo
511 2524 607 2585 legatos,
620 2525 658 2585 qui
666 2532 797 2579 monerent,

125 2602 159 2636 nc,
173 2589 313 2635 munimenta
329 2588 437 2641 hostibus,
455 2596 479 2635 et
497 2590 637 2650 receptacula
654 2587 726 2635 futuri
743 2589 798 2636 belli
820 2633 823 2642 ,

124 2659 249 2700 exstruant.
280 2651 451 2707 Themistocles,
472 2663 499 2700 ut
516 2654 573 2701 vidit
592 2655 640 2717 spei
657 2654 720 2700 urbis
735 2653 798 2701 invi·
808 2699 822 2716 ὁ,

124 2716 176 2776 deri,
188 2733 236 2784 nou
245 2719 377 2768 mantuane
388 2718 482 2782 abrupte
497 2720 617 2783 agendum,
634 2719 752 2783 respondit
762 2718 797 2766 le-
