1800 2942
221 127 357 180 JUSTINI
373 127 420 177 Lis
435 128 511 177 XllL
528 127 620 181 Cane.
702 134 747 179 96}

80 260 138 306 dum
148 259 267 320 loquentis,
281 259 359 307 Deum
371 259 529 322 deprecaturus
539 261 645 314 venisset,
655 273 751 323 respon·

80 341 134 372 sum
146 325 239 387 accepit,
250 341 294 385 quo
302 326 419 387 jubebatur
428 324 488 371 filius
498 327 546 387 ejus
557 323 639 371 Battos
649 323 755 371 Africam
768 381 769 384 Ἴ

78 397 167 452 petere,
185 397 209 435 et
222 391 299 436 urbem
311 389 417 450 Cyrenen
429 390 532 443 condere,
544 405 609 436 usum
626 389 710 450 linguae
720 389 752 434 ibi

79 461 223 515 accepturus.
257 453 317 502 Cum
329 470 459 516 responsum
474 454 568 501 ludibrio
579 455 651 501 simile
662 454 749 499 videre·

80 526 126 574 tur,
139 527 231 581 propter
241 519 383 565 solitudinem
394 519 478 565 Therae
489 518 576 574 insulae,
593 534 622 565 ex
633 517 677 578 qud
687 516 749 564 colo·

81 585 107 629 ni
118 585 148 630 ad
159 585 235 630 urbem
247 584 385 630 condendam
397 585 420 629 in
432 584 533 631 Africam
544 593 590 631 tam
597 584 668 631 vastae
675 583 749 644 regio·

80 650 119 694 nis
130 647 242 708 proficisci
254 649 396 711 jubebantur,
413 664 448 695 res
459 650 542 695 omissa
552 657 593 695 est
628 647 751 709 interjecto

80 713 163 759 deinde
180 719 288 774 tempore,
305 714 369 759 velut
385 722 536 766 contumaces,
551 710 676 775 pestilentiis
696 711 754 758 Deo

78 772 161 839 parere
178 778 355 839 compellunturz
374 794 469 839 quorum
481 787 526 824 tam
543 779 638 840 insignis
648 777 749 839 paucitas

78 842 131 894 fuir,
152 843 227 888 utrix
238 858 304 889 unam
322 858 401 888 narem
413 843 558 906 complerent.
595 841 655 891 Cum
671 842 748 891 venis·

82 913 135 954 sent
151 907 175 952 in
189 907 297 963 Africam,
315 908 385 968 pulsis
402 909 490 963 accolis,
508 914 609 954 montem
622 905 715 968 Cyrum,
727 913 753 953 et

80 978 175 1033 propter
186 974 337 1019 arnoenitatem
349 973 399 1027 loci,
415 981 439 1019 et
449 982 540 1035 propter
549 971 646 1019 fontium
661 972 749 1019 uberta-

80 1042 140 1093 tem,
151 1036 295 1098 occupavere.
312 1036 347 1083 Ibi
359 1036 447 1092 Battos,
459 1039 505 1085 dux
516 1053 600 1093 eorum,
611 1037 696 1099 lingnae
705 1052 747 1083 no·

80 1101 116 1147 dis
137 1100 222 1156 solutis,
241 1102 303 1163 loqui
320 1103 416 1163 primurn
436 1103 519 1164 coepit:
542 1117 593 1162 quae
611 1117 647 1147 res
661 1102 749 1149 animos

79 1180 166 1220 eorum,
179 1180 208 1212 ex
218 1168 333 1228 promissis
345 1166 391 1212 Dei
398 1169 446 1228 J'am
460 1174 523 1227 parte
533 1164 643 1227 percepti,
661 1167 684 1211 in
696 1167 748 1212 reli-

79 1245 149 1291 quam
160 1246 222 1293 spem
233 1231 357 1278 condendae
368 1232 428 1278 urbis
439 1230 547 1277 accendit.
581 1229 664 1276 Positis
678 1231 749 1291 igitur

8 1290 14 1298 ’
79 1296 167 1349 castris,
179 1297 306 1356 opinionem
314 1297 398 1342 veteris
408 1295 489 1342 fabulae
500 1296 617 1356 accipiunt,
633 1293 748 1356 Cyrenen,

78 1361 169 1406 eximiae
181 1361 349 1422 pulchritudinis
364 1361 482 1422 virginem,
498 1375 512 1406 a
530 1359 654 1407 Thessaliae
669 1366 747 1406 monte

78 1423 146 1472 Pelio
161 1426 188 1471 ab
207 1426 314 1487 Apolline
328 1435 420 1487 raptam,
439 1426 591 1487 perlatumque
608 1425 631 1470 in
646 1423 745 1486 ejusdem

76 1490 164 1537 montis
175 1490 239 1552 juga,
256 1493 319 1554 cnjus
336 1491 416 1537 collem
428 1496 598 1551 occupaverant,
616 1488 694 1535 aDeo
706 1503 742 1534 re·

75 1555 169 1616 pletam,
186 1563 281 1614 quatuor
291 1571 372 1616 pueros
382 1556 501 1616 peperisse,
513 1554 629 1609 Nomium,
648 1553 744 1599 Aristae·

77 1635 124 1674 um,
137 1619 274 1673 Autochum
293 1621 412 1681 Agreum:
432 1621 513 1666 missos
529 1633 543 1665 a
557 1626 620 1681 patre
637 1617 741 1680 Hypsea,

44 1722 47 1733 ,
76 1699 134 1746 rege
142 1683 272 1739 Tnessaliae,
284 1686 321 1746 qui
328 1685 482 1745 perquirerent
488 1685 610 1745 virginem,
620 1682 664 1729 loci
672 1698 743 1730 arnoe-

77 1750 150 1796 nitate
160 1757 244 1811 captos,
256 1751 279 1795 in
290 1750 368 1795 iisdem
380 1750 445 1795 terris
457 1765 507 1795 curn
518 1749 608 1810 virgine
618 1749 741 1797 resedisse:

77 1828 109 1860 ex
125 1814 160 1860 his
171 1815 245 1875 pneris
262 1822 308 1860 tres
325 1814 419 1869 adultos,
437 1815 461 1859 in
477 1813 615 1861 Thessaliam
633 1829 743 1870 reversos,

76 1878 139 1925 avita
160 1894 231 1940 regna
248 1880 371 1940 recepisse:
391 1879 513 1925 Aristaeum
536 1882 559 1925 in
582 1878 679 1927 Arcadia
698 1880 743 1925 late

75 1940 201 2004 regnisse5
219 1959 314 2005 eumque
324 1945 420 2005 primurn
432 1950 456 1990 et
467 1945 539 2006 apium
552 1954 576 1990 et
586 1944 658 1990 mellis
669 1959 742 1998 usum,

74 2015 101 2055 et
111 2008 175 2053 lactis
186 2008 214 2054 ad
225 2009 326 2070 coagula,
338 2009 464 2055 bominibus
474 2009 597 2062 tradidisse,
609 2008 743 2054 solstitialis·

74 2087 121 2133 que
132 2080 194 2118 ortus
206 2074 283 2119 sideris
294 2075 390 2135 primum
399 2075 519 2120 invenisse.
553 2073 641 2127 Quibus
655 2072 743 2129 auditis,

73 2136 166 2194 Battos,
183 2138 277 2198 virginis
288 2140 379 2185 nomine
390 2152 419 2184 ex
435 2138 549 2202 responsis
559 2138 645 2198 agnito,
664 2137 742 2184 urbem

74 2200 185 2262 Cyrenen
196 2203 301 2249 condidit.

109 2263 180 2312 Vlll.
199 2265 272 2328 Igitur
288 2267 433 2322 Ptolemaeus,
449 2267 515 2328 hujus
526 2266 586 2311 urbis
597 2272 675 2311 auctus
687 2266 740 2311 viri·

70 2330 227 2386 bussbellum
249 2333 273 2378 in
292 2333 412 2378 adventum
433 2330 549 2377 Perdiccae
566 2331 663 2391 parabat.
695 2330 740 2377 Sed

71 2396 190 2444 Perdiccae
199 2397 250 2458 plus
260 2397 335 2442 odium
342 2395 484 2457 arrogantiae,
496 2409 562 2454 quam
571 2395 630 2440 vires
641 2395 739 2441 hostium

71 2462 199 2517 nocebant;
222 2476 288 2521 quam
304 2462 367 2507 exosi
384 2461 451 2507 etiam
469 2459 531 2513 socii,
547 2459 575 2504 ad
591 2459 737 2520 Antipatrum

69 2526 185 2588 gregatim
207 2525 370 2587 profugiebant.
409 2523 573 2585 Neoptolemus
595 2538 690 2584 quoque,
714 2523 738 2569 in

70 2589 180 2637 auxilium
197 2589 296 2636 Eumeni
316 2590 412 2642 relictus,
432 2604 479 2635 non
498 2588 570 2635 solum
588 2586 736 2647 transfugere,

68 2670 149 2704 verum
156 2654 223 2702 etiam
229 2655 324 2718 prodere
331 2654 427 2718 partium
434 2653 567 2713 exercitum,
573 2651 651 2700 voluit.
660 2649 735 2705 Quam
