1800 2942
216 167 220 175 .
254 130 393 182 JUSTINI
408 130 462 180 Iun.
474 130 508 180 11.
524 130 584 183 Car.
595 135 619 183 t.
722 88 784 183 1(ῑᾶΧ

97 270 124 310 et
140 261 215 309 civilis
232 263 288 310 ordo
306 263 435 325 disciplinae,
447 263 518 310 veluti
532 263 648 326 ternplum,
664 261 769 311 Athenas

95 327 190 374 habent.
221 328 285 374 Ante
296 326 445 375 Deucalionis
460 335 567 390 tempora,
584 342 661 390 regem
672 325 769 376 homere

97 390 244 454 Cecropem
261 408 328 454 quern
346 394 383 456 (ut
393 393 467 440 omnis
478 394 599 453 antiquitas
609 393 710 439 fabulosa
721 391 768 454 est)

95 456 218 504 biformem
240 455 366 515 tradidere;
391 459 444 518 quia
464 459 550 519 primus
570 473 655 505 marem
677 457 769 506 lemine

95 521 244 570 matrimonio
255 523 342 584 junxit.
374 520 438 569 Huic
453 524 562 570 successit
579 522 688 578 Craniius,
705 523 769 584 cujus

96 586 144 634 lilia
155 586 235 634 Atthis
245 587 333 648 regioni
344 602 427 634 nomen
437 587 506 634 dedit.
523 587 580 635 Post
591 587 770 650 huncAmphic·
800 630 803 637 ,

96 659 156 713 tyon
171 652 290 714 regnavit3
307 651 346 713 qui
364 652 449 714 primus
467 652 582 700 Minervae
597 654 675 700 urbem
693 667 768 700 sacra·

96 717 138 773 vit,
150 723 175 764 et
186 731 269 764 nomen
286 717 371 763 civitati
389 718 492 765 Athenas
512 719 580 764 dedit.
612 717 689 781 Hujus
707 726 767 765 tesn-

95 782 195 845 ponhus,
208 796 315 842 aquarum
326 782 414 829 illuvies
421 784 530 845 majorem
540 789 625 845 partem
634 784 768 847 populorum
781 836 785 839 ,

96 847 199 894 Graeciae
210 847 326 894 absumsit.
358 846 527 909 Superluerunt,
538 862 595 909 quos
606 847 694 912 refugis
700 863 767 895 mon·

96 913 155 958 tium
174 918 322 973 receperunt3
340 919 379 965 aut
397 913 520 976 ad'regem
532 913 657 961 Thessaliae
673 912 768 962 Deuca·

95 976 184 1023 lionern
198 977 282 1023 ratibus
298 978 370 1023 evecti
385 984 451 1024 sunt:
471 993 544 1040 equo
560 986 679 1041 propterea
692 993 769 1042 genus

95 1041 215 1088 hominum
224 1042 339 1088 conditum
350 1042 438 1089 dicitur.
465 1042 511 1090 Per
521 1044 621 1092 ordinem
628 1045 708 1092 deinde
715 1059 767 1090 suc·

96 1107 215 1161 cessionis,
227 1121 323 1168 regnum
332 1107 360 1153 ad
372 1106 525 1155 Erechtheum
534 1109 656 1164 descendit,
670 1110 710 1157 sub
721 1123 767 1170 quo

93 1170 205 1218 frumenti
223 1172 280 1218 sntio
298 1172 358 1235 apud
371 1171 481 1219 Eleusina
496 1172 661 1235 sTriptolemo
680 1180 768 1235 reperte

94 1243 145 1284 estr
165 1238 190 1283 in
202 1237 265 1297 cujus
276 1237 375 1284 muneris
383 1238 499 1291 honorem,
512 1247 590 1284 noctes
597 1235 717 1285 Initiorum
729 1253 766 1286 sa·

94 1309 173 1348 cratoe.
205 1300 291 1349 Tenuit
309 1309 333 1349 et
354 1300 452 1363 AEgeus,
475 1300 558 1349 Thesei
577 1309 646 1363 pater,
669 1303 768 1352 Athenis

93 1381 210 1429 reguum:
226 1381 295 1428 aquo
303 1381 344 1429 per
354 1367 475 1413 divortium
486 1367 596 1414 decedens
604 1367 688 1415 Medea
699 1384 767 1430 prop·

94 1438 132 1480 ter
149 1431 248 1479 adultam
267 1432 366 1495 privigni
385 1439 483 1486 atatem,
500 1429 600 1480 Colchos
617 1447 668 1478 cum
687 1432 768 1480 Medio

92 1496 143 1544 filio
162 1511 192 1543 ex
209 1496 287 1558 AEgeo
306 1504 411 1558 suscepto
430 1498 551 1544 concessit.
586 1496 643 1543 Post
664 1497 766 1560 AEgeusn

93 1560 207 1617 Theseus,
219 1577 245 1608 ac
256 1562 361 1623 deinceps
372 1561 459 1609 'lhesei
474 1561 533 1609 lilius
552 1561 712 1623 Demophoon,
728 1562 767 1624 qul

93 1627 205 1674 auxilium
225 1627 314 1675 Graecis
331 1628 439 1674 adversus
458 1625 570 1690 Trojanos
591 1627 649 1682 tulit,
669 1622 783 1690 regnum¹

92 1692 203 1755 possedit.
242 1690 317 1739 Erant
340 1692 398 1738 inter
413 1692 573 1758 ,Athenienses
595 1700 619 1739 et
641 1692 767 1741 Dorienses

92 1757 238 1804 simultatum
254 1764 342 1803 veteres
360 1756 469 1813 offensae;
487 1773 543 1818 quas
553 1758 692 1806 ,vindicaturi
709 1758 767 1806 bello

93 1821 232 1874 Dorienses,
251 1821 280 1867 de
302 1828 385 1869 eventu
412 1822 465 1868 belli
487 1824 576 1871 oracula
598 1824 767 1873 consuluerunt.

92 1886 242 1948 Responsum
260 1887 409 1949 “superiores
426 1889 483 1943 fore,
502 1890 525 1935 ni
543 1905 620 1952 regern
638 1890 766 1937 Athenien·
818 1918 824 1931 ι

93 1953 155 1999 sium
175 1950 333 1999 occidissent.”
368 1950 428 2000 Cum
447 1962 541 2000 ventum
560 1963 620 2002 esset
636 1954 660 2000 in
675 1954 766 2011 bellum,

92 2016 660 2081 militibusanteomniacustodiaregispraeclpitur.
692 2019 767 2081 Athe-¹

92 2081 212 2129 niensibus
228 2096 255 2128 eo
273 2089 374 2143 tempore
385 2098 425 2130 rex
441 2081 531 2131 Codrus
546 2092 610 2142 erut3
628 2083 672 2144 qui,
691 2089 715 2129 et
729 2099 766 2131 re·

93 2146 181 2209 sponso
193 2145 241 2193 Dei
252 2153 275 2193 et
284 2149 404 2208 praeceptis
414 2148 512 2195 hostium
523 2149 628 2210 cognitis,
639 2156 765 2210 permutato

92 2211 158 2274 regis
168 2212 251 2264 habitu,
262 2226 384 2273 pannosus,
395 2222 508 2276 sarriente
524 2213 582 2260 collo
593 2228 682 2276 gerens,
693 2222 767 2262 castra

91 2276 196 2324 hostium
207 2276 343 2338 ingreditur:
363 2277 393 2324 ibi
404 2278 427 2323 in
438 2275 504 2324 turbri
519 2279 682 2334 obsistentium,
698 2295 711 2325 a
721 2281 765 2326 mi·

93 2343 143 2399 lite,
166 2356 234 2401 quem
247 2339 306 2388 snice
327 2349 378 2388 astu
397 2342 605 2398 convulneraverat,
627 2342 768 2392 interficitur.
844 2342 847 2347 ⁴

94 2403 200 2467 Cognito
210 2406 272 2467 regis
282 2421 381 2468 corpore,
399 2405 526 2454 Dorienses
541 2408 590 2455 sine
600 2408 679 2471 proelio
693 2409 767 2456 disce·
783 2460 786 2465 ⁴

93 2471 161 2518 dunt.
193 2470 273 2532 Atque
287 2471 317 2518 ita
328 2472 486 2527 Athenienses,
497 2473 580 2520 virtute
591 2475 660 2528 ducis,
677 2488 718 2536 pro
730 2488 767 2521 sa·

93 2536 146 2582 lute
156 2536 235 2598 patriae
245 2537 312 2583 morti
323 2552 348 2583 se
359 2536 480 2592 offerentis,
492 2537 550 2584 bello
560 2538 689 2585 liberentur.
782 2580 785 2585 ι

131 2598 191 2646 vlt.
199 2658 200 2661 Ἴ
207 2598 265 2648 Post
276 2599 377 2649 Codrum
388 2616 456 2648 nemo
467 2602 566 2650 Athenis
573 2603 692 2665 regnavitr
705 2600 766 2661 quod

95 2666 215 2717 manerias
229 2667 327 2715 nominis
341 2667 390 2732 ejus
400 2667 508 2716 tributum
519 2674 561 2716 est.
594 2664 768 2714 Administratio
