1800 2942
251 135 389 189 ruamur
405 137 518 187 maxa
536 136 646 188 cmi.
735 144 785 190 aas
849 149 864 206 χ

112 275 215 332 aeeepto,
221 265 310 330 Tyrum
321 271 384 317 seire
389 269 449 317 velle
459 270 488 317 ad
495 275 548 315 vota
556 268 651 315 Herculi
663 268 781 323 reddenda,

112 334 178 381 dixit.
211 332 271 381 Cum
289 335 359 396 legati
376 334 458 381 rectius
469 334 491 381 id
507 350 558 381 eum
570 333 634 395 Tyro
649 331 740 389 Vetere,
758 343 782 381 et

110 399 239 459 antiquiore
249 400 339 462 templo,
349 398 462 446 facturum
473 400 586 454 dicerent,
604 399 626 444 in
636 399 781 459 deprecantes

109 465 160 526 ejus
174 464 291 511 introitum
302 465 334 511 ita
343 465 433 518 exarsit,
448 471 474 510 ut
485 464 533 510 urbi
549 463 672 512 exscidium
684 464 781 510 minare·

108 535 163 575 turs
185 528 348 589 confestimque
367 528 467 576 exercitu
490 528 569 575 insulae
591 529 708 590 applicato,
732 543 780 575 non

107 594 185 640 minua
192 594 300 641 minoris
306 593 384 655 Tyriis
394 592 475 640 fiduciis
486 591 713 655 Carthaginiensium,
721 593 780 640 bello

110 659 229 720 excipitur.
263 659 368 720 Augebat
394 659 453 705 enim
473 657 552 718 Tyriis
574 659 660 704 animos
680 656 779 705 Didonis

107 723 245 784 exemplum,
258 739 316 785 quae,
329 721 468 785 Carthagine
479 720 575 776 conditis,
592 723 680 769 tertiam
692 730 778 784 partem

107 788 169 834 orbis
177 789 306 847 quaesisset;
324 795 390 850 turpe
406 788 521 841 ducentes,
534 789 552 834 si
563 786 653 834 seminis
670 788 716 833 suis
726 788 777 849 plus

105 853 177 900 animi
184 851 264 900 suisset
273 854 298 900 in
308 853 402 914 imperio
411 853 539 915 quaerendo,
551 867 618 914 quam
629 853 670 898 sibi
678 853 702 898 in
711 862 777 899 tuen·

106 915 137 965 di
152 917 261 965 libertate.
295 915 380 965 Amatis
396 918 466 979 igitur
487 918 570 965 imbelli
592 925 659 964 oetate
679 915 776 965 Cartha·

105 982 191 1044 ginem,
211 990 234 1028 et
245 984 357 1038 arcessitis
374 998 428 1029 mox
445 983 540 1037 auxiliis,
559 998 606 1030 non
625 997 709 1044 magno
724 991 776 1045 post

67 1093 69 1097 ,
104 1054 208 1107 tempore
218 1063 258 1108 per
268 1048 417 1109 proditionem
428 1049 553 1109 capiuntur.

139 1109 186 1157 xl.
202 1109 260 1159 Inde
277 1111 385 1159 Rhodum
401 1113 539 1165 Alexander,
560 1112 696 1174 AEgyptum,
717 1111 774 1161 Cili-

102 1176 214 1236 ciamque,
232 1177 414 1242 sinqcertamine
430 1177 516 1239 recipit.
549 1178 587 1224 Ad
597 1176 682 1225 Jovem
693 1176 774 1225 deinde

102 1240 260 1289 Hammonem
271 1242 352 1303 pergit,
363 1241 508 1289 consulturus
518 1249 542 1288 et
552 1241 580 1288 de
590 1248 674 1288 eventu
684 1239 772 1289 futuro·

101 1321 162 1362 rum,
173 1314 197 1353 et
207 1306 235 1352 de
245 1308 333 1368 origine
350 1304 405 1353 sui:
425 1322 522 1366 namque
540 1314 612 1352 mater
628 1307 676 1368 q'us
691 1305 773 1367 Olym-

99 1371 151 1435 pias
161 1370 265 1419 consessa
276 1373 326 1419 viro
343 1388 385 1420 suo
396 1370 502 1434 Philippo
520 1370 599 1424 fuerat,
616 1369 771 1418 Alexandrum

100 1451 149 1484 uon
161 1451 190 1483 ex
201 1451 228 1483 eo
237 1451 268 1492 se,
280 1437 319 1484 sed
330 1452 360 1484 ex
376 1444 480 1499 serpente
490 1436 590 1498 ingentis
602 1436 771 1498 magnitudinis,

99 1501 239 1562 concepisse
272 1501 379 1563 Denique
397 1501 514 1564 Philippus
534 1501 613 1548 ultimo
628 1516 699 1563 prope
716 1501 772 1548 vitae

100 1582 151 1614 suae
160 1574 269 1628 tempore,
278 1566 348 1614 filium
358 1582 424 1614 suum
432 1581 479 1613 non
486 1582 542 1620 esse,
551 1567 624 1627 palam
633 1565 770 1628 praedicave-

98 1638 143 1678 rat.
177 1629 231 1685 Qus
240 1646 269 1678 ex
285 1629 353 1679 causi
364 1632 505 1693 Olympiada,
515 1632 577 1678 velut
586 1631 657 1693 stupri
667 1646 770 1693 comper·

99 1703 155 1750 tam,
167 1696 258 1759 repudio
275 1697 397 1744 dimiserat.
429 1695 506 1758 Igitur
522 1696 659 1751 Alexander,
678 1697 771 1759 cupiens

97 1760 355 1875 patingiipeptbedqrinitatis
374 1762 496 1838 acquirere,
508 1762 582 1874 simpl2
585 1770 609 1809 et
618 1769 725 1874 piatrq'mt·
728 1763 769 1874 tiu·

199 1842 205 1872 1
235 1842 288 1882 rre,
314 1842 501 1889 perpraenussos
526 1843 552 1873 su
582 1842 623 1874 rna
651 1843 769 1882 nonies,

98 1890 155 1953 quid
171 1891 213 1938 sibi
230 1892 359 1953 responderi
375 1892 437 1939 velit.
473 1891 641 1955 Ingredientem
660 1893 769 1954 templum

98 1955 177 2004 statim
188 1957 306 2012 antistites,
318 1967 344 2004 ut
357 1956 495 2004 Hammonis
505 1956 583 2013 filium,
596 1958 701 2005 salutant.
718 1954 769 2011 Ille,

97 2021 168 2069 laetus
176 2019 223 2067 Dei
235 2021 360 2084 adoptione,
368 2024 411 2069 hoc
420 2038 445 2069 se
456 2031 518 2085 patre
529 2024 615 2069 censeri
621 2022 693 2084 jubet.
718 2020 769 2068 Ro-

95 2092 140 2150 gat
159 2086 246 2140 deinde
261 2102 290 2133 an
307 2102 385 2135 omnes
400 2087 556 2135 interfectores
573 2086 672 2149 parentia
687 2086 720 2132 sui
740 2087 771 2133 sit

97 2150 180 2199 ultus?
197 2152 356 2213 respondetur,
369 2159 457 2213 patrem
476 2154 525 2216 ejus
536 2167 578 2198 nec
588 2166 655 2213 posse
665 2149 772 2207 interfici,

96 2215 767 2330 322mittit,ilititzoe‘tdt‘iiii,

96 2345 200 2396 omnium
219 2345 335 2401 bellorum,
350 2297 561 2409 pordessionemdue
582 2355 698 2400 terrarum,
721 2346 769 2393 dari

96 2411 253 2473 respondetur.
287 2409 415 2459 Comitibus
425 2427 515 2472 quoque
531 2412 577 2458 suis
591 2427 731 2474 responsum,
742 2419 768 2458 ut

97 2475 254 2524 Alexandrum
266 2491 307 2536 pro
319 2476 379 2532 Deo,
391 2492 437 2524 non
447 2492 489 2539 pro
501 2492 563 2538 rege,
574 2477 681 2524 colerent.
704 2475 768 2523 Hinc

97 2542 130 2589 illi
141 2548 207 2588 sucta
218 2540 343 2597 insolentia,
359 2542 474 2602 mirusque
492 2542 568 2589 animo
578 2543 674 2589 increvit
685 2550 767 2596 tumor,

97 2603 188 2653 exemti
195 2606 307 2661 comitate,
319 2621 387 2667 quam
397 2615 421 2654 et
441 2607 576 2653 Graecorum
586 2607 664 2661 literis,
676 2612 699 2652 et
714 2604 768 2652 Ms-

96 2671 208 2720 solonum
215 2671 328 2720 institutis
337 2672 451 2720 didiesmt.
472 2670 625 2721 &rosussb
636 2669 769 2717 Hammone
