1800 2942
148 216 199 262 ³90
254 206 393 261 JUSTINI
410 205 466 257 Lu.
477 203 606 255 mlx
622 202 726 258 ems,

148 341 259 389 Antiochi
273 339 393 394 interfecti,
411 355 425 386 a
439 354 495 401 rege
510 337 648 385 Parthorum
660 338 686 385 in
697 338 780 387 loculo
793 353 832 387 ar·

150 417 235 470 genten
246 407 275 453 nd
286 406 424 468 sepulturam
435 403 459 449 in
471 403 560 464 Syriam
571 402 703 459 remissum,
716 420 829 468 superre-

149 473 200 528 nit;
217 471 279 533 quod
297 485 349 517 cum
368 469 456 533 ingenti
475 468 550 515 studio
568 468 699 515 civitatium
721 478 747 517 et
766 470 829 532 regis

150 536 277 584 Alexandri
297 536 326 583 nd
350 531 484 581 lirmandran
504 532 587 579 fatue
608 530 679 578 fidem
703 536 828 596 excipitur.

151 600 260 655 Quaeres
274 600 307 647 illi
322 614 431 662 magnum
441 597 543 645 favorem
555 596 700 659 popularium
717 600 828 646 concilis·

149 667 201 723 vlt3
217 666 321 713 omnibus
338 679 384 711 non
394 662 460 710 fictas
475 664 499 708 in
513 677 548 716 eo,
566 662 606 707 sed
616 676 694 717 veras,
710 663 828 725 lacrymas

149 730 336 777 existimantibus.
368 727 502 774 Demetrius
518 733 600 780 autern,
617 726 696 772 victus
712 729 743 774 ab
755 729 827 775 Alex.

150 794 230 851 andro,
246 809 298 841 cum
309 792 407 854 undique
421 792 618 838 circumstantibus
632 791 701 838 malis
711 808 828 853 premere-

149 866 194 913 tur,
209 858 237 905 ad
247 867 385 920 postremum
396 858 465 904 etiam
475 857 503 902 ab
514 870 584 902 uxore
593 853 695 916 filiisque
705 857 828 904 deaeritur.

150 922 254 970 Relictus
265 923 340 984 igitur,
351 936 403 967 cum
414 921 492 983 paucis
502 920 597 966 servulis
608 934 661 965 curn
674 918 780 980 Tyrum,
790 938 825 969 re·

149 988 235 1049 ligione
246 985 323 1048 templi
334 1000 358 1032 se
367 985 507 1040 defensurus,
517 986 618 1045 petisset,
630 985 686 1030 navi
694 987 825 1045 egrediens,

148 1050 322 1114 praeiectijrrsau
334 1049 474 1098 interficitur.
507 1049 574 1097 Alter
584 1063 615 1095 ex
625 1047 687 1104 liliis,
704 1050 823 1106 Seleucus,

150 1117 255 1228 pporpipm
272 1116 411 1226 sinapis-pris
425 1111 559 1225 ‘aplctoritatc
575 1112 681 1223 diadpma
695 1117 826 1193 sumsisset,

150 1187 825 1308 tudineneilhdhhdonidnuiiryptdsrluidlrdiodrhhthdshddtaegdhh

151 1311 301 1365 constituitur,
318 1318 343 1356 ut
354 1323 436 1357 nornen
448 1309 508 1370 regis
518 1322 588 1369 penes
597 1306 678 1375 filium,
695 1309 734 1355 vis
746 1319 824 1357 autem

152 1376 226 1424 omnis
236 1376 323 1437 imperii
334 1389 403 1436 penes
414 1380 509 1420 matrem
520 1380 587 1419 esset.

183 1435 219 1487 11.
235 1440 280 1487 Sed
287 1439 423 1492 Alexander,
433 1445 544 1499 occupato
552 1437 626 1498 Syriae
634 1452 717 1499 regno,
728 1445 823 1486 tumens

83 1555 87 1570 ⁸
151 1520 256 1552 successu
268 1519 349 1559 rerum,
361 1518 466 1566 spernere
471 1504 520 1565 jam
531 1503 598 1549 etiam
608 1503 683 1564 ipsum
694 1502 821 1551 Ptolemae·

151 1585 197 1625 um,
214 1584 284 1630 aquo
294 1569 367 1616 iuerat
378 1570 510 1614 subornatus
521 1568 544 1613 in
556 1581 659 1629 regnum,
673 1567 777 1630 superbi
787 1570 821 1614 in-

151 1632 247 1681 solentii
257 1634 333 1696 coepit
365 1630 445 1693 Itaque
457 1631 602 1686 Ptolemaeus,
619 1630 770 1684 reconciliati
786 1649 823 1679 so-

151 1700 209 1745 roria
218 1696 297 1759 gratii,
309 1699 423 1745 destruere
437 1697 558 1743 Alexandri
569 1710 672 1758 regnum,
692 1698 759 1756 quod
769 1698 821 1745 odio

151 1762 271 1818 Demetrii,
293 1763 377 1810 viribus
396 1763 443 1809 suis
464 1762 602 1822 acquisierat,
624 1762 722 1807 summis
740 1763 823 1823 opibus

150 1827 256 1875 instituit.
287 1826 363 1874 Mittit
380 1826 450 1889 igitur
468 1826 569 1888 ingentia
588 1824 670 1886 Grypo
687 1825 782 1880 auxilia,
798 1834 823 1872 et

150 1892 219 1939 liliam
235 1889 389 1953 Tryphaenam
401 1892 483 1953 Grypo
497 1897 623 1952 nupturam,
640 1897 666 1936 ut
680 1889 783 1951 populns
798 1891 822 1936 in

152 1957 259 2006 auxilium
270 1956 364 2017 nepotis,
377 1971 422 2002 non
431 1959 539 2003 societate
546 1961 633 2001 tantum
641 1954 702 2008 belli,
709 1970 792 2001 rerum
800 1962 824 2001 et

152 2022 259 2070 affinitate
268 2018 309 2068 sui
316 2020 453 2067 sollicitaret.
486 2020 538 2067 Nec
546 2017 738 2067 ressrustraiuitr
759 2034 822 2077 nam,

153 2102 205 2135 cum
220 2102 299 2134 omnes
311 2086 416 2148 Grypum
432 2087 566 2132 instructum
578 2083 677 2146 AEgypti
687 2084 777 2131 viribus
788 2085 822 2130 ri-

152 2153 238 2205 derent,
249 2151 355 2213 paulntim
366 2151 394 2197 ab
404 2150 535 2197 Alexandro
546 2148 641 2195 deficere
649 2146 748 2210 coepire.
784 2148 822 2195 en

152 2216 248 2276 denique
263 2216 321 2262 inter
335 2230 401 2277 reges
412 2215 523 2276 proelium,
540 2229 584 2275 quo
594 2213 669 2260 rictus
681 2212 822 2268 Alexander,
890 2245 891 2254 ,

153 2278 297 2326 Antiochiam
307 2279 415 2342 profugit
447 2278 483 2325 Ibi
499 2279 565 2341 inops
580 2277 690 2341 pecunie,
708 2292 762 2324 cum
780 2279 820 2325 sti·

151 2342 233 2404 pendia
249 2344 355 2390 militibus
370 2345 481 2397 deessent,
498 2344 582 2405 templo
592 2341 660 2391 Joria
676 2342 776 2390 solidum
786 2355 822 2390 'ex

152 2421 207 2453 auro
219 2405 329 2454 Victoriae
339 2409 429 2470 signum
444 2409 494 2455 tolli
503 2409 574 2470 jubet,
591 2407 822 2469 facetisjocissacri-

152 2470 237 2532 legium
255 2472 453 2520 circumscribensz
473 2489 525 2520 nam
541 2471 669 2519 Victoriam
687 2473 822 2520 commoda-

152 2540 200 2582 tam
216 2534 257 2582 ribi
273 2537 301 2581 ab
318 2535 379 2584 Jove
396 2553 446 2584 esse
465 2538 559 2586 dicebat.
591 2535 722 2600 interjectis
740 2537 823 2585 deinde

153 2599 237 2653 diebus,
254 2613 305 2646 cum
316 2600 386 2661 ipsius
397 2600 464 2650 Jovis
476 2617 569 2649 aureum
581 2601 729 2648 simulacrum
740 2601 824 2650 infiniti

152 2662 258 2722 ponderis
268 2663 336 2710 tacite
346 2666 412 2712 evelli
419 2668 532 2729 jussisset,
541 2667 742 2730 deprehensusque
751 2668 777 2714 in
789 2683 824 2715 sa·

151 2724 252 2789 crilegio,
268 2742 379 2777 concursu
394 2730 546 2781 multitudiuis
560 2739 622 2782 esset
631 2732 658 2782 in
671 2729 755 2797 fugin
770 2748 824 2782 vet·
890 2771 891 2814 p
