1800 2942
120 153 170 198 414
243 143 382 198 dUSTlNl
397 146 450 198 In.
462 145 558 196 XLIII.
575 146 636 198 Cur.
648 152 675 198 5.

155 278 188 327 V.
204 276 262 325 Post
272 278 322 325 bec
332 292 415 339 magns
427 278 474 325 illis
488 294 539 326 cnm
556 277 688 340 Liguribus,
708 287 798 343 magns

123 358 176 391 cum
188 342 270 397 Gallis,
284 340 349 389 suere
363 343 435 390 bells:
454 358 505 404 que
524 358 560 390 res
576 352 600 389 et
619 345 683 390 urbis
696 345 797 407 gloriam

124 409 193 464 suxit,
209 414 234 454 et
248 407 356 453 virtutem
372 406 512 461 Graeoorum,
527 407 677 468 multiplicate
691 410 798 466 victorii,

124 473 235 520 celebrem
247 472 305 518 inter
315 470 422 519 finitimos
431 472 533 519 reddidit.
565 470 797 534 Carthaginiensium

123 552 215 598 quoque
234 538 354 590 exercitus,
378 551 429 584 cunr
451 537 533 583 bellum
558 538 629 598 captis
651 539 796 598 piscatorum
884 565 886 600 ;

122 602 219 649 bembus
230 612 304 648 ortum
313 609 379 655 esset,
392 617 453 664 saepe
467 602 579 656 fuderunt,
590 616 716 663 pacemque
726 604 797 651 victis

124 666 248 723 dederunt;
266 681 317 713 cum
329 664 439 729 Hisponis
454 667 572 713 amicitiam
578 667 723 728 junxerunt;
742 683 797 714 cum

124 729 237 778 Romanis
263 747 333 793 prope
355 732 382 778 nb
397 731 475 777 initio
499 731 597 777 conditae
617 731 690 778 Urbis
717 730 795 779 soedos

125 795 215 843 summi
236 794 280 841 fide
302 796 463 849 custodierunt,
486 796 619 855 auxiliisque
640 796 664 841 in
687 798 795 844 ommbus

124 860 189 907 bellis
207 860 316 906 industrie
335 862 409 907 socios
421 863 538 924 juverunt.
571 859 632 914 Quae
649 875 687 906 res
706 860 753 907 illis
770 867 795 907 et

124 925 206 972 virium
217 923 320 970 fiduciam
332 926 400 979 suxit,
412 934 436 972 et
445 940 522 988 pacem
531 925 559 972 sb
568 924 670 970 hostibus
678 925 794 985 prestitit.

126 987 187 1038 Cum
212 989 281 1050 igitur
306 988 411 1037 Massilia
431 988 492 1036 fumi
515 1003 589 1036 rerum
616 995 742 1050 gestarum,
771 995 795 1036 et

126 1051 260 1101 ebundnntid
279 1068 357 1115 opum,
374 1062 397 1101 et
410 1054 492 1101 virium
509 1052 582 1117 gloriis
592 1054 680 1100 virente
690 1052 793 1107 floreret,
806 1067 811 1073 ’

125 1125 218 1180 repente
229 1116 318 1165 finitimi
336 1119 412 1182 populi
426 1119 455 1166 sd
467 1133 549 1165 nomen
561 1117 742 1164 Massiliensium
753 1119 795 1164 de·

125 1182 225 1236 lendum,
241 1184 311 1231 veluti
329 1184 356 1230 ud
375 1198 495 1231 commune
509 1182 701 1244 exstinguendum
712 1184 793 1229 incen-

126 1246 195 1301 dium,
212 1256 355 1295 concurrunt.
394 1247 452 1295 Dux
469 1261 580 1294 consensu
596 1247 699 1292 omniurn
719 1245 794 1295 osur-

126 1312 222 1359 mnndus
235 1313 327 1375 regulus
337 1312 442 1375 eligitur:
461 1313 507 1373 qui,
518 1326 570 1357 curn
586 1325 672 1373 magno
689 1313 795 1359 exercitu

126 1376 299 1425 lectissimorum
309 1379 408 1425 virorum
420 1378 497 1423 urbem
511 1377 609 1423 bostium
620 1376 743 1431 obsideret,
752 1392 796 1439 pes

126 1441 225 1502 quietem
236 1443 311 1504 specie
321 1449 392 1489 torvae
403 1441 508 1496 mulieris,
519 1455 571 1501 quae
578 1456 603 1486 se
610 1438 686 1486 Deam
695 1441 794 1500 dicebat,

127 1507 256 1560 exterritus,
279 1506 338 1553 ultro
355 1521 433 1569 pucem
453 1521 505 1552 cum
523 1505 705 1552 Massiliensibus
723 1505 794 1563 fecit;

126 1569 241 1633 petitoque
252 1578 278 1619 ut
284 1572 368 1619 intrare
375 1570 408 1617 illi
415 1571 498 1626 urbem,
506 1578 530 1617 et
537 1569 603 1617 Deos
613 1584 691 1616 eorum
698 1570 796 1618 odorare

126 1634 213 1689 liceret,
225 1650 276 1682 cum
289 1636 312 1682 in
330 1650 404 1683 srcem
415 1635 530 1684 Minervae
544 1635 650 1689 venisset,
669 1642 795 1696 conspecto

126 1699 152 1745 lrr
162 1700 284 1760 porticibus
294 1701 413 1747 simulacro
424 1700 491 1755 Dee,
507 1714 574 1761 quem
589 1714 631 1761 per
645 1699 748 1759 quietem
758 1700 795 1746 vi·

128 1764 198 1819 deret,
215 1769 306 1824 repente
322 1765 440 1819 exclamet,
458 1765 518 1811 illem
535 1779 592 1817 esse,
611 1778 667 1824 quae·
683 1778 708 1810 se
725 1771 798 1811 nocte

126 1826 286 1884 exennium
303 1827 371 1884 illum,
389 1844 441 1889 quos
456 1829 563 1876 recedere
576 1828 604 1874 sb
618 1828 795 1891 obsidionejus·

127 1893 202 1940 sisset.
234 1891 410 1954 Gmtulntusque
421 1894 607 1946 Massiliensibus,
619 1893 795 1953 quodenimsd-

126 1963 235 2015 verteret,
246 1972 286 2005 eos
296 1958 324 2005 sd
338 1972 414 2005 curum
428 1957 533 2006 Deorum
548 1957 710 2004 immortalium
721 1959 796 2019 perti-

126 2035 189 2077 nere,
206 2029 290 2084 torque
297 2037 366 2083 sures
375 2021 459 2070 donstd
471 2021 530 2077 Dei,
546 2023 719 2084 inperpetuum
737 2023 795 2069 ami·

124 2086 205 2134 citium
224 2102 275 2135 curn
292 2087 473 2136 Massiliensibus
486 2088 570 2151 junxit.
603 2084 673 2133 Perti
688 2101 752 2147 pace,
772 2093 797 2134 et

128 2152 249 2199 securitate
259 2151 359 2209 fundati,
374 2159 514 2200 revertentes
524 2167 538 2199 s
548 2150 646 2213 Delphis
659 2150 796 2198 Massilien-

128 2216 186 2261 sium
208 2215 285 2277 legati,
308 2231 353 2277 quo
371 2218 434 2264 missi
452 2231 547 2264 munere
564 2215 666 2278 Apollini
687 2215 796 2274 tulerunt,

124 2278 247 2325 'sudiemnt
261 2280 338 2326 urbem
349 2280 477 2327 Romanum
489 2296 503 2328 s
514 2280 588 2329 Gullis
601 2286 698 2341 ceptam,
714 2278 797 2340 inoes-

128 2354 229 2400 ssmqne.
260 2342 336 2397 Quem
347 2359 394 2391 rem
406 2345 467 2392 domi
478 2345 604 2392 nuntiatam
613 2343 704 2406 publico
714 2342 797 2391 funere

127 2402 285 2452 Massilienses
294 2409 407 2468 prosecuti
418 2419 487 2466 sunt3
504 2423 629 2469 nurumque
638 2415 663 2455 et
672 2414 795 2469 argentum

38 2503 46 2512 .
123 2467 240 2528 publicum
258 2469 415 2532 privatumque
428 2473 585 2527 contulerunt,
606 2472 795 2533 td·e¹plendum

103 2567 105 2572 .
124 2531 218 2590 'pondus
228 2532 308 2586 Gallis,
320 2549 334 2581 u
344 2536 424 2596 quibus
438 2537 563 2586 redemtam
580 2551 659 2599 pacm
675 2550 801 2597 wgwe*

122 2597 186 2658 hunt.
199 2621 201 2625 ι
216 2594 325 2656 Obqnod
335 2600 441 2647 meritum
451 2609 480 2649 et
489 2602 621 2649 immunitus
633 2600 682 2647 illis
696 2600 796 2656 decretu,

17 2693 20 2710 2
127 2662 150 2703 tt
168 2656 232 2707 locus
247 2662 426 2722 spectmulcrum
442 2665 656 2724 insenum-dotus,
674 2663 797 2714 alredus

33 2743 57 2815 h
