1800 2942
253 144 392 199 JUSTINI
407 145 463 195 Lnr.
470 144 505 194 11.
522 145 613 197 Cant).
723 152 770 198 167

95 293 195 340 quasti
156 276 225 332 omi,
236 292 283 324 non
293 279 372 345 patrie
382 278 481 333 vicisset,
490 277 633 338 tyrannidem
643 291 684 339 per
694 277 770 324 dolum

96 350 205 405 occupat·
225 343 308 405 quippe
319 343 449 390 voluntariis
459 343 588 390 verberibus
598 343 659 389 domi
670 342 770 397 affectus,

95 409 243 468 laceratoque
253 423 355 468 corpore,
366 409 388 454 in
400 408 513 470 publicum
522 408 683 470 progreditur.
700 408 770 455 adro-

96 473 274 527 eaticoncione,
282 473 465 535 vulnerapopulo
477 473 590 520 ostendit.
605 474 633 519 de
639 473 771 521 erudelitate
860 488 864 495 “

95 539 233 602 principum,
246 538 350 598 aquibus
362 539 410 585 haec
425 554 450 585 se
460 553 551 600 passum
560 538 683 592 simulabat,
694 538 770 599 queri·
837 584 841 588 .
866 536 871 545 ’

94 611 147 652 tur:
169 603 282 652 adduntur
292 604 384 650 vocibus
391 604 506 664 lucrymae,
518 611 541 650 et
549 602 660 651 invidiosi
669 604 772 650 oratioue

95 668 221 716 multitudo
232 668 323 716 credula
333 668 475 715 accenditur:
495 683 572 715 amore
584 669 677 730 plebis
670 669 770 716 invisum

95 749 122 781 ae
139 733 229 780 senatui
248 733 353 780 affirmat:
374 734 460 780 obtinet
479 733 507 779 ad
523 734 649 780 custodiam
669 735 770 797 corporis

94 813 131 848 sur
123 798 266 845 satellitum
278 798 401 855 auxilium
417 813 458 860 per
465 796 637 862 quosocoupati
644 799 770 860 tyrannide,

95 870 137 928 per
148 874 221 913 annos
229 863 322 925 triginta
333 870 379 910 tres
389 865 502 927 regnavit.

128 926 178 975 IX.
196 927 283 975 Post'
263 943 312 990 aJns
323 935 418 976 mortem
427 928 530 984 Diocles,
547 928 604 976 alter
617 943 647 976 ex
660 928 719 984 filiis,
730 942 771 991 per

94 993 143 1043 vim
164 991 266 1054 stuprata
287 993 383 1054 virgine,
401 1009 416 1040 n
432 993 503 1041 fratre
523 995 605 1056 puellae
630 992 770 1042 interficitur.

95 1059 173 1112 Alter,
186 1056 284 1120 Hippias
295 1058 393 1113 nomine,
406 1074 457 1106 eum
473 1060 590 1121 imperium
602 1066 722 1121 paternum
734 1067 770 1105 te·

95 1131 170 1178 neret,
187 1122 354 1170 interfectorem
371 1123 448 1170 fratris
466 1125 624 1185 comprehendi
631 1124 712 1188 jubet:
731 1124 770 1184 qui

93 1204 148 1237 eum
159 1203 201 1249 per
217 1194 331 1235 tormenta
347 1189 450 1234 conscios
463 1189 532 1235 caedis
548 1189 664 1235 nominare
663 1203 769 1265 eogere·

93 1261 138 1309 tur,
156 1268 237 1300 omnes
254 1269 338 1300 amieos
348 1253 439 1314 tyranni
450 1254 589 1300 nommant
608 1244 704 1315 quibus
699 1260 769 1301 mter

93 1318 170 1372 fectis,
194 1319 304 1379 quaerenti
324 1327 428 1378 tyranno,
447 1333 476 1365 an
498 1318 571 1365 adhue
593 1318 661 1378 aliqui
683 1319 768 1365 conscii

93 1389 180 1437 essent,
192 1382 315 1430 Neminem
327 1384 366 1430 ait
376 1398 500 1445 superesse,
517 1397 584 1445 quem
600 1383 695 1444 emplius
709 1383 769 1431 mori

92 1450 186 1512 gestiat,
196 1464 264 1510 quam
278 1448 353 1513 ipsum
368 1456 498 1509 tyrannum.
533 1445 586 1502 Quia
596 1463 655 1495 voce
669 1448 768 1511 ejusdem

91 1530 118 1562 se
128 1515 221 1576 tyranni
230 1515 346 1569 victorem,
357 1520 410 1575 post
422 1514 545 1561 vindictam
553 1513 667 1575 pudicitiae
678 1513 768 1569 sororis,

92 1578 202 1627 ostendit.
235 1577 312 1640 Hujus
323 1579 407 1625 virtute
417 1594 469 1625 cum
485 1578 600 1626 admonitu
610 1578 690 1626 ciuitas
701 1578 768 1624 libera

92 1645 148 1693 tatis
159 1651 227 1697 esset,
238 1644 329 1690 tandem
341 1642 439 1705 Hippias
447 1659 519 1706 regno
532 1643 616 1706 pulsus,
629 1643 653 1690 in
665 1643 767 1690 exsssinm

91 1710 184 1772 agitur:
205 1709 242 1768 qui
253 1707 368 1771 proiectus
376 1710 399 1754 in
412 1708 501 1764 Persas,
510 1709 590 1755 ducem
599 1724 623 1755 se
638 1707 718 1762 Dario,
731 1709 768 1755 in·

90 1774 175 1822 ferenti
184 1773 361 1820 Atheniensibus
371 1774 461 1830 bellum,
470 1775 536 1822 sicuti
542 1790 609 1837 supra
616 1774 769 1836 significatum

91 1847 135 1895 est,
146 1839 256 1886 adversus
266 1839 361 1900 patriam
373 1854 435 1885 snam
447 1840 521 1886 offert.
554 1838 630 1902 Igitur
640 1840 768 1887 Athenien-

92 1921 138 1961 ses,
150 1904 228 1951 audito
239 1903 306 1951 Dan'i
318 1904 425 1963 adventu,
436 1905 544 1952 auxilium
555 1920 570 1952 a
580 1903 768 1958 Lacedaemoniis,

92 1968 156 2018 sont
178 1977 227 2017 tum
241 1971 338 2025 civitate,
355 1970 491 2031 petiverunt.
524 1970 590 2024 Quos
605 1970 642 2015 ubi
661 1969 767 2015 viderunt

77 2033 205 2098 ,quatridui
216 2035 287 2081 teneri
299 2035 415 2096 reiigione,
430 2050 477 2082 non
488 2035 619 2097 exspectato
630 2033 720 2087 auxilio,
732 2034 768 2079 in-

91 2099 186 2147 structis
197 2099 275 2145 decern
284 2099 381 2146 millibus
392 2100 483 2154 civium,
496 2111 519 2147 et
531 2097 694 2147 Plataeensibus
702 2099 766 2145 auxi·

89 2166 184 2213 liaribus
206 2165 274 2219 mille,
290 2165 397 2211 adversus
415 2172 522 2212 sexcenta
539 2165 608 2210 millia
626 2163 723 2209 hostium
742 2164 766 2210 in

90 2244 186 2293 campos
197 2228 357 2276 Marathonius
366 2232 390 2276 in
401 2231 506 2292 proeiium
524 2229 676 2292 egrediuntur.
709 2227 767 2275 Mil-

91 2296 165 2344 tiaden
180 2301 203 2341 et
221 2295 267 2340 dux
283 2294 335 2341 belli
352 2304 406 2348 erat,
422 2305 445 2342 et
461 2301 539 2341 auctor
556 2308 603 2341 non
623 2293 766 2356 exspectandi

91 2360 184 2408 auxilii:
204 2374 271 2420 quem
284 2367 346 2407 tanta
362 2359 445 2406 fiducia
460 2367 555 2421 ceperat,
571 2367 597 2405 ut
608 2359 658 2420 plus
668 2357 767 2421 praesidii

90 2428 115 2473 in
127 2425 250 2479 eeleritate,
261 2440 328 2486 qnam
339 2425 363 2471 in
375 2426 447 2479 sociis,
465 2425 563 2471 duceret.
597 2423 687 2486 Magna
696 2425 772 2487 igitun

90 2490 115 2538 in
126 2504 229 2553 pugnam
239 2490 344 2537 euntibus
354 2490 457 2537 alacritas
467 2490 593 2537 animorum
604 2488 653 2544 suit,
666 2489 722 2535 adeo
734 2495 767 2543 ut,

91 2570 144 2602 eum
157 2554 219 2602 mille
229 2570 308 2617 possus
318 2556 378 2601 inter
388 2544 443 2602 duas
454 2556 514 2601 acies
531 2562 613 2609 essent,
622 2555 690 2600 citato
699 2565 766 2598 eursu

92 2627 146 2668 ante
160 2621 249 2682 Jartum
267 2621 400 2682 sagittarum
418 2620 447 2666 ad
466 2620 555 2667 hostem
570 2617 681 2666 venerint.
714 2615 767 2663 Nee

90 2686 195 2736 audaciae
214 2686 263 2749 ejrrs
280 2693 376 2735 eventus
394 2683 481 2735 miun-
507 2691 635 2747 pugnatnm
651 2689 686 2729 est
705 2681 766 2729 enim
