1800 2942
202 165 337 218 JUSTINI
353 165 406 214 Lm.
417 165 487 214 XLI.
503 164 596 223 Cuma
683 169 732 214 899
778 210 781 218 .

99 295 150 347 111.
175 296 273 353 Uxores,
293 296 410 345 dulcedine
430 295 501 344 rariae
521 295 624 351 libidinis,
646 293 730 357 singuli

6 345 15 422 ξ
63 364 144 429 prum
165 364 260 410 nuens
286 377 328 410 nec
350 362 395 408 una
413 360 495 407 denen
511 359 619 407 sununs
638 359 730 421 grum

6 425 12 438 ’
64 429 191 478 vindicant.
224 426 376 482 Quamobrem
392 425 481 472 leminis
497 439 544 472 non
559 424 663 473 convivia
678 431 730 478 tau·

6 535 14 552 ,
64 494 235 545 tumrirorum,
253 492 463 539 verumetiamcon
526 504 572 546 um,
587 489 731 540 interdicunt.

6 553 14 570 ”
65 556 147 612 Cerne
157 572 204 606 non
214 557 257 604 nisi
267 556 383 604 venatibus
393 555 623 617 quaesitatescuntuu.
656 551 730 614 Equis

6 665 12 680 ,
66 623 134 672 omni
149 629 251 684 tempore
265 628 397 670 vectantur:
417 620 462 666 illis
478 620 543 674 bella,
559 619 603 665 illis
620 617 732 672 convivia,

7 685 12 696 ”
65 688 115 738 'silit
125 687 213 749 publica
223 701 249 734 nc
257 686 344 747 privata
354 685 427 732 officia
437 686 536 742 obeunt;
552 698 619 745 super
629 682 679 729 illos
689 682 730 737 ire,

6 799 12 816 ,
65 754 201 807 consistere,
217 751 316 805 mercuri
333 750 437 811 colloqui.
469 748 524 796 Hoc
541 750 637 810 denique
650 747 729 794 discri-

6 815 13 828 '
65 832 124 865 men
134 817 193 863 luter
203 832 281 864 servos
290 815 415 875 liberosque
429 822 472 872 est,
489 815 550 875 quod
560 815 618 861 servi
631 813 729 875 pedibus,

64 882 133 931 liberi
144 896 190 928 non
200 880 244 928 nisi
254 881 320 941 equis
333 879 447 928 incedunt
481 879 601 941 Sepultura
611 878 681 940 vulgo
691 884 732 923 ant

6 1003 7 1006 Ἴ
66 947 147 995 avium
163 953 203 993 aut
218 960 301 992 canum
317 944 413 991 lauricius
428 951 475 990 est:
495 944 555 991 uudn
570 945 659 991 demum
679 956 732 988 osse

6 1009 9 1024 ²
65 1010 243 1062 acnlobmunt.
269 1007 304 1056 ‘ln
316 1009 508 1071 superstitionibus
523 1017 589 1069 atque
599 1006 730 1055 euriDeo·

6 1063 12 1140 ζ’
67 1091 131 1131 rum,
156 1078 269 1137 praecipua
291 1075 394 1122 amnibus
414 1074 529 1119 veneratio
550 1082 592 1122 est.
636 1071 733 1133 Ingenia

65 1141 134 1207 genti
145 1140 236 1194 tumida,
247 1139 358 1192 seditiosu,
371 1138 519 1194 fraudulenta,
530 1137 646 1198 procacio:
665 1137 729 1196 quip-

6 1211 10 1222 '
64 1223 99 1271 pe
109 1205 238 1253 violentiam
251 1205 312 1259 viris,
329 1203 523 1252 mansuetudinem
538 1201 674 1251 mulieribus,
692 1215 730 1246 as-

6 1321 12 1340 ,
67 1272 171 1334 signant.
203 1269 382 1330 Sempstwtim
393 1275 498 1314 externos
509 1268 581 1314 autin
596 1264 733 1312 domesticos

6 1347 9 1354 ’
66 1343 147 1388 motus
161 1334 268 1394 iuquieti;
284 1329 364 1382 narmi
379 1333 455 1389 taciti3
472 1332 499 1377 sd
515 1330 647 1385 laciendum,
657 1342 731 1389 'quum

66 1401 98 1449 ud
117 1399 241 1453 dicendum,
258 1397 404 1459 promtiores:
429 1396 522 1457 proinde
537 1395 635 1442 secunda
651 1394 731 1442 adver«

8 1471 10 1478 '
65 1475 139 1526 sa'que
157 1463 245 1512 silentio
264 1469 351 1523 tegunt.
382 1460 522 1523 Pn'nc'ipibns
537 1469 607 1514 metu,
623 1473 670 1506 non
688 1471 731 1520 pu·

7 1581 10 1602 ι
83 1535 233 1590 creparent.
266 1525 294 1572 ln
306 1526 418 1572 libidinem
428 1526 566 1588 projecti„in
577 1526 650 1571 cibum
660 1525 730 1585 parci.

7 1605 8 1610 ’
92 1594 141 1642 sdes
160 1593 225 1641 dictis
240 1591 398 1655 promissisque
415 1590 483 1645 nullu,
502 1590 545 1636 nisi
563 1588 673 1651 quitenus
691 1602 732 1636 ex·

67 1659 149 1770 pe(iv.
164 1721 221 1769 Post
238 1728 332 1768 mortem
352 1720 476 1767 Alexandri
493 1718 584 1782 Magni,
602 1734 654 1770 curn
673 1719 732 1769 inter

7 1787 9 1850 f
67 1802 212 1838 successores
228 1789 276 1850 ejus
292 1785 392 1833 Orientis
408 1800 480 1847 regnu
494 1783 653 1838 dividerentur,
670 1783 733 1830 nullo

68 1852 226 1903 Macedonum
242 1851 349 1915 dignante
364 1848 498 1900 Parthorum
514 1850 638 1911 imperium,
656 1848 734 1895 Suess-

69 1918 129 1974 nori,
152 1923 245 1964 externo
264 1915 332 1968 socio,
353 1914 455 1962 truditur.
487 1912 522 1960 Hi
537 1921 622 1978 postea,
638 1913 733 1964 diduco

7 1975 9 1996 '
68 1982 236 2030 Macedonibus
254 1980 278 2026 in
296 1978 378 2027 bellum
397 1980 470 2034 civile,
489 1994 541 2026 cum
560 1978 648 2025 onereris
664 1991 733 2037 supe·

8 2097 9 2102 ,
69 2047 138 2100 ricris
160 2046 224 2093 nsiae
245 2044 339 2106 populis,
362 2043 482 2092 Eumenen
504 2044 575 2089 secuti
597 2048 665 2099 sunt,;
688 2055 734 2100 quo

7 2103 9 2124 '
69 2113 142 2165 victo,
158 2106 466 2169 adnnngonumtnmtere.
498 2106 557 2155 Post
566 2104 733 2156 huscaniu-

72 2186 127 2223 tore
138 2175 240 2229 Seleuco,
257 2189 283 2220 ac
299 2187 354 2219 mox
363 2173 391 2219 ab
401 2172 516 2219 Antiocho
532 2178 555 2217 et
571 2170 736 2220 successoribu·

7 2229 8 2254 ¹
73 2241 132 2303 qjun
148 2238 260 2301 possessi:
280 2239 367 2300 acujus
381 2246 469 2298 nepote,
478 2234 573 2283 Seleuco
588 2235 684 2296 primum
696 2235 735 2280 de·

73 2301 157 2357 secere,
169 2305 242 2365 primo
253 2301 341 2348 Punico
351 2301 416 2355 bello,
433 2300 462 2351 L.
476 2300 566 2348 Manlio
576 2299 686 2353 Vulsone,
697 2297 735 2346 Μ.

7 2367 8 2380 ’
72 2368 146 2418 Atilio
157 2367 247 2430 Regulo
262 2367 397 2413 consulibus.
429 2365 507 2428 Hujus
521 2363 652 2416 defectionis
661 2365 735 2425 impu·

73 2433 168 2483 nitatem
178 2432 222 2478 illis
233 2431 327 2478 duorum
338 2430 431 2478 fratrum
443 2445 529 2492 regum,
547 2429 635 2476 Seleuci
647 2436 672 2476 et
682 2430 734 2478 nn·

76 2498 155 2551 tiochi,
172 2497 282 2545 ducordia
300 2496 375 2553 dodit3
397 2495 436 2556 qui
452 2495 505 2541 dum
521 2494 562 2542 sibi
577 2494 674 2541 invicem
691 2494 736 2540 eri·

106 2577 131 2608 re
147 2576 241 2622 reguum
252 2560 339 2614 volunt,
354 2560 457 2621 persequi
467 2559 590 2607 defectores
607 2558 737 2607 omiserunt.

74 2578 166 2676 Edem
187 2634 286 2688 ternpore
308 2625 375 2671 etium
396 2623 534 2680 Theodotus,
562 2624 623 2672 mille
648 2623 736 2670 urbium

75 2691 248 2742 Bsctrinnurum
265 2689 392 2752 prefectus,
412 2687 500 2746 det'ecit,
517 2703 639 2752 regemque
658 2703 683 2736 se
697 2702 738 2750 ap.»
