1800 2942
324 525 511 593 Jusuuu
528 507 529 510 ‘

105 711 392 776 HISTORIARUM
412 707 748 772 PH1L1PP10ARUM

270 889 377 939 LIBER
393 888 563 940 DECIMUS.

119 1167 140 1217 1.
157 1169 315 1227 Annuus.
326 1170 375 1231 regi
393 1168 521 1222 Persarum.
539 1182 568 1213 ex
578 1167 692 1228 pellicibus
703 1181 757 1213 cen·

83 1243 136 1284 tum
148 1243 172 1283 et
182 1236 308 1297 quindecim
326 1233 365 1304 fflil
383 1231 454 1287 fuere,
472 1232 512 1279 sed
529 1240 575 1277 tres
594 1237 682 1278 tanturn
694 1235 758 1292 justo

84 1300 231 1350 matrimonio
249 1300 354 1361 suscepti,
372 1298 467 1353 Darius,
484 1297 622 1351 Ariarathes,
639 1304 662 1343 et
673 1295 759 1342 Ochus.

84 1365 127 1415 Ex
138 1365 175 1414 his
186 1364 292 1420 Durium,
303 1371 382 1411 contra
393 1378 479 1410 morem
492 1361 619 1414 Persarum,
632 1358 691 1421 apud
701 1374 759 1419 quos

85 1445 129 1495 res
140 1430 241 1477 nonnisi
258 1437 331 1477 morte
344 1436 449 1481 mutatur,
467 1443 507 1489 per
522 1426 684 1488 indulgentiam
695 1431 760 1485 pater

84 1510 166 1557 regern
186 1495 252 1542 vivus
267 1494 335 1551 fecit3
361 1494 416 1539 nihil
438 1493 479 1539 sibi
499 1492 596 1538 ablatum
618 1489 757 1552 existimans,

86 1560 149 1622 quod
160 1560 184 1606 in
196 1558 265 1606 filium
277 1558 422 1615 contulisset3
440 1558 593 1616 sinceriusque
611 1554 718 1617 gaudium
730 1567 760 1602 ex

85 1625 244 1688 procreatione
251 1633 364 1685 capturus,
372 1624 390 1669 si
402 1622 500 1683 insignia
508 1621 631 1683 majestatis
640 1634 687 1666 suae
694 1618 760 1665 vivus

85 1691 111 1736 in
123 1687 170 1736 filio
178 1691 340 1751 conspexisset.
374 1688 420 1735 Sed
430 1686 523 1742 Darius,
533 1694 583 1748 post
591 1700 651 1733 nova
658 1692 758 1746 paternae

85 1754 179 1818 pietatis
193 1754 303 1816 exempla,
314 1751 461 1800 interficiendi
474 1752 543 1813 patris
554 1751 672 1798 consilium
683 1749 759 1812 cepit3

86 1819 220 1877 sceleratus,
244 1819 263 1865 si
285 1819 347 1865 solus
368 1817 510 1879 parricidium
533 1816 671 1879 cogitdsset3
697 1822 760 1862 tanto

87 1884 225 1939 sceleratior,
243 1884 304 1945 quod
326 1884 349 1929 in
369 1882 499 1929 societatem
520 1881 626 1930 facinoris
648 1888 760 1927 assumtus

87 1948 255 2011 quinquaginta
269 1948 352 1995 fratres
370 1947 424 1994 fecit
435 1948 562 2009 parricidas.
596 1945 686 1994 ostenti
698 1959 761 2006 pror·

87 2028 129 2062 sus
147 2028 228 2075 genus,
246 2014 282 2060 ubi
301 2014 325 2059 in
344 2020 408 2060 tauto
426 2012 510 2074 populo
526 2028 572 2058 non
590 2011 662 2058 solum
674 2008 761 2063 sociari,

87 2094 170 2126 verum
188 2079 256 2124 etiarn
274 2078 341 2131 sileri,
359 2077 502 2140 parricidium
513 2077 602 2138 potuit;
620 2085 645 2120 ut
656 2088 685 2120 ex
696 2074 761 2134 quin-

88 2144 201 2205 quaginta
211 2143 286 2190 liberis
298 2157 364 2189 nerno
376 2144 481 2189 inventus
493 2142 528 2196 sit,
540 2155 607 2202 quem
619 2145 657 2186 sut
669 2146 762 2200 paterna

88 2209 204 2271 majestas,
216 2215 256 2254 aut
272 2208 388 2253 veneratio
399 2208 466 2259 senis,
485 2213 523 2252 aut
534 2203 674 2266 indulgentia
685 2203 762 2264 patris,

89 2270 179 2321 stanti
189 2272 280 2319 sceleris
301 2273 439 2319 immanitate
457 2284 580 2317 revocaret.
614 2268 763 2316 Adeonevile

87 2344 209 2401 paternum
222 2352 304 2384 nornen
315 2338 374 2398 apud
385 2344 420 2383 tot
430 2351 525 2382 nurnero
533 2334 591 2381 filios
601 2332 651 2389 fuit,
664 2341 695 2388 ut,
706 2348 763 2394 quo·

89 2417 142 2450 rum
153 2402 258 2464 praesidio
275 2410 337 2449 tutus
355 2401 421 2448 etiarn
440 2401 548 2447 sdversns
567 2400 644 2445 hostes
661 2415 711 2446 esse
722 2398 762 2444 de·

58 2493 62 2496 ·
88 2469 180 2524 buerst,
191 2482 269 2514 eorum
288 2466 374 2513 insidiis
385 2466 559 2521 circumventus,
571 2465 640 2511 tutior
651 2465 679 2510 ab
693 2462 764 2510 hosti·

90 2532 142 2588 bus,
154 2546 221 2594 quam
233 2547 246 2579 a
257 2530 308 2578 filiis
318 2529 402 2578 fuerit?

127 2594 162 2645 [L
180 2594 256 2645 Causa
266 2596 377 2659 parricidii
388 2594 517 2642 sceleratior
527 2596 576 2656 ipso
586 2592 703 2657 parricidio
713 2590 764 2637 suit

93 2660 178 2709 Occiso
192 2662 274 2725 quippe
296 2659 361 2722 Cyro
382 2659 481 2707 fraterno
502 2660 570 2717 bello,
592 2659 656 2720 cujus
677 2655 764 2702 mentio

92 2739 161 2791 supra
177 2727 253 2775 habits
270 2733 312 2784 est,
332 2726 451 2789 Aspasiam
470 2725 573 2787 pellicem
583 2724 632 2787 ejus
643 2735 683 2769 rex
694 2719 764 2768 Arta-
