1800 2942
366 451 554 519 JUSTINI

150 637 435 701 HlSTORiARUM
455 636 782 697 PHILIPPICARUM

202 813 310 863 arnus
325 813 539 890 sarcasmus
555 814 726 865 octavus.

166 1093 187 1142 Ι.
204 1094 387 1150 Mannamaurs,
400 1095 517 1157 parricidia
530 1110 544 1142 a
557 1109 613 1141 nece
632 1094 711 1141 uxoris
726 1096 802 1157 auspi·

134 1169 204 1215 catus.
223 1161 306 1207 sororis
322 1160 413 1206 alterius
431 1158 542 1207 Laodices
558 1158 624 1213 filios,
646 1162 711 1222 quus
727 1160 803 1207 virum

135 1225 277 1280 Ariarathen,
293 1239 371 1286 regem
386 1223 541 1286 Cappadociae,
558 1240 598 1286 per
616 1225 729 1272 Gordium
746 1224 802 1270 insi·

136 1291 177 1337 diis
189 1291 306 1345 occiderat,
323 1289 434 1336 tollendos
450 1291 543 1346 statuit;
560 1289 617 1335 nihil
633 1296 708 1336 actum
727 1297 802 1335 morte

135 1356 205 1418 patris
216 1355 352 1407 existimaus,
365 1355 383 1400 si
394 1354 548 1400 adolescentes
563 1363 680 1414 paternum
695 1369 802 1463 reffuum,

734 1419 802 1478 3th

136 1421 201 1482 cujus
218 1420 256 1465 ille
269 1419 389 1480 cupiditate
401 1416 516 1481 flagrabat,
532 1418 688 1480 occupiaseut.

136 1485 191 1531 dum
209 1485 233 1530 in
251 1484 285 1530 his
301 1483 474 1545 cogitationibus
492 1491 600 1538 versatur,
618 1484 710 1530 interim
729 1482 802 1530 Nico-

136 1549 221 1603 medea,
234 1563 275 1595 rex
285 1546 408 1609 Bithynice,
420 1563 513 1594 vacuam
526 1557 599 1595 morte
610 1549 671 1611 regis
683 1546 803 1611 Cappado-

138 1614 197 1660 ciam
222 1613 313 1660 invadit.
355 1612 424 1667 Quod
450 1628 502 1660 cum
525 1614 652 1659 nuntiatum
674 1612 804 1660 Mithridati

136 1676 228 1732 suisset‘
240 1693 280 1738 per
296 1677 460 1724 simulationem
478 1678 567 1738 pietatis
586 1678 670 1724 auxilia
687 1679 758 1725 sorori
774 1679 804 1725 ad
890 1717 891 1742 3

137 1741 295 1803 expellendum
315 1739 459 1803 cappadocia
477 1742 619 1789 Nicomeden
640 1742 717 1789 mittit.
758 1742 804 1789 Sed

134 1807 182 1869 jam
194 1805 294 1852 Laodice
304 1820 344 1867 per
351 1808 477 1868 pactionem
489 1823 513 1853 se
521 1807 643 1853 Nicomedi
653 1808 676 1852 in
688 1808 803 1854 matrimo·

138 1872 202 1919 nium
219 1870 347 1917 tradiderat.
379 1871 448 1925 Quod
470 1881 531 1934 aegte
551 1871 634 1925 ferens,
657 1871 804 1920 Mithridates
890 1887 891 1924 1

137 1936 242 1999 praesidia
251 1934 384 1982 Nicomedis
395 1934 537 1997 Cappadociai
547 1937 639 1999 expellit
643 1954 650 1995 5
662 1952 804 1999 regnumque

139 2003 222 2048 sororis
237 1999 284 2047 filio
300 2000 411 2047 restituit:
430 2003 548 2064 egregium
563 2016 656 2063 prorsus
670 2000 764 2057 factum,
781 2003 805 2050 ni

138 2068 256 2114 subsecuta
266 2065 327 2112 fraus
342 2073 408 2112 esset.
441 2066 565 2127 Siquidem,
579 2066 703 2127 interjectis
720 2069 804 2114 mensi·

139 2131 190 2188 bus,
213 2131 309 2185 simulat,
336 2146 361 2177 se
382 2130 502 2185 Gordium,
521 2146 566 2191 quo
584 2131 688 2177 ministro
708 2146 764 2179 usus
781 2134 805 2179 in

140 2194 261 2242 Ariarathe
270 2194 423 2241 interficiendo
438 2194 519 2248 fuerat,
534 2196 651 2242 restituere
669 2195 694 2241 in
710 2197 805 2257 patriam

138 2258 204 2311 veile,
222 2273 320 2319 sperans,
340 2260 358 2305 si
375 2260 493 2306 obsisteret
508 2260 645 2318 adolescens,
663 2275 743 2307 causas
753 2262 805 2309 belli

139 2320 241 2379 futuras3
258 2329 303 2376 aut,
315 2323 333 2369 si
345 2325 490 2385 permitteret,
506 2340 547 2384 per
558 2325 662 2370 eumdem
673 2323 745 2370 filium
757 2328 805 2374 tolli

140 2399 213 2445 posse,
235 2400 275 2445 per
296 2402 362 2446 quem
381 2387 524 2434 interfecerat
544 2396 637 2449 patrem.
676 2389 747 2443 Quod
770 2392 805 2438 ubi

141 2449 273 2495 Ariarathes
284 2451 362 2510 junior
380 2453 454 2497 moliri
474 2455 588 2514 cognovit,
610 2452 712 2515 graviter
731 2453 805 2502 serens

139 2512 306 2559 interfectorem
322 2516 391 2574 patris
407 2532 448 2576 per
465 2518 600 2564 avunculum
618 2518 762 2578 potissimum
780 2522 805 2566 ab

139 2576 220 2621 exsilio
227 2578 333 2631 revocari,
340 2579 456 2638 ingentem
463 2583 587 2628 exercitum
594 2582 714 2628 contrahit.
732 2580 806 2645 Igitur

138 2652 191 2685 cum
199 2640 222 2686 in
228 2641 299 2688 aciem
307 2642 422 2689 eduximet
430 2642 575 2694 Mithridates
583 2647 683 2709 peditum
690 2649 805 2710 octoginta
