1800 2942
88 256 91 264 Ι
151 193 202 244 sss
255 185 394 246 mentm
409 185 600 242 mxxxix.
617 185 718 240 cm.

156 337 184 371 ec
201 321 296 370 ricttu
289 319 402 383 rnfugam
416 319 520 374 vertitur,
530 318 737 399 Antiqchiemque
755 322 835 372 venit.

156 385 225 440 Tunc
243 386 387 434 Antiochiam
408 383 536 446 Grypus,
529 398 554 430 tn
575 400 620 445 qua
638 392 687 431 erat
710 383 833 447 Cyzicum

157 467 217 502 uxor
234 449 360 513 Cleopatra,
379 451 481 498 obsidere
500 449 581 526 erepit.
606 446 652 510 qui
670 448 746 511 capti,
767 450 833 512 Try-

157 519 239 583 phaena
257 531 315 563 uxor
334 514 408 577 Grypi
426 514 483 572 nihil
501 514 620 575 antiquius,
637 529 707 575 quam
728 529 835 566 sororem

159 580 303 645 Cleopatram
322 581 412 641 requiri,
434 568 514 636 duxit3
537 594 583 625 non
602 585 628 624 ut
646 580 749 641 captivae
765 596 832 643 opem

158 646 234 703 ferret,
252 647 291 693 sed
303 661 332 692 ne
344 645 443 707 effugere
457 644 591 720 captiritatis
604 643 665 690 mala
675 653 766 721 posset,
783 660 834 722 qne

160 727 196 762 aut
189 712 369 760 ''aemulatione
363 725 387 756 ιιι
398 711 441 755 hoc
451 709 592 770 potissimum
603 722 703 785 regnum
713 709 833 766 invaserit,

161 778 265 838 hostique
282 777 365 822 sororis
384 774 488 821 nubendo
505 775 593 820 hostem
612 787 638 818 se
654 775 706 836 ejus
724 774 834 822 effecerit.

161 840 223 888 Tum
238 840 368 903 peregrinos
382 837 495 885 exercitus
507 839 531 884 in
545 837 668 884 certamina
678 837 781 886 fratrum
795 841 833 886 ad·

161 906 247 959 ductos,
259 912 308 951 tum
316 904 454 965 repudiatum
465 919 479 950 ι
488 903 563 956 fratre,
572 907 651 948 contra
658 904 742 950 matris
752 906 832 952 volun·

161 976 239 1026 talem,
261 975 326 1016 extra
343 967 474 1030 AEgyptum
494 975 586 1028 nuptam
605 975 706 1013 accusat
747 967 833 1016 Contra

162 1034 257 1098 Grypus
267 1040 364 1087 orare,‘
366 1039 412 1080 ‘ne
422 1040 470 1080 tam
480 1031 565 1080 fredum
576 1030 663 1080 fucinus
674 1032 754 1080 fecere
764 1048 832 1095 coga-

162 1106 215 1149 tur:
239 1098 332 1146 anullo
351 1111 450 1159 unquam
469 1099 578 1160 majorum
594 1111 697 1154 suoram,
718 1099 782 1145 inter
800 1107 832 1146 tot

164 1164 295 1221 domestica,
308 1170 343 1210 tot
353 1172 446 1214 externa
456 1163 520 1217 bella,
537 1169 590 1223 post
600 1162 739 1210 victoriam
731 1178 758 1209 ιιι
769 1163 833 1210 femi·

163 1244 206 1280 nas
221 1230 332 1284 saevitum,
349 1243 404 1289 quas
420 1242 489 1274 sexus
502 1227 551 1288 ipse
565 1234 589 1273 et
603 1227 711 1288 periculis
721 1228 832 1276 bellorum

163 1302 189 1344 et
206 1295 300 1344 sevitie
316 1294 428 1340 victorum
446 1292 544 1339 eximat:
562 1292 586 1338 in
605 1292 648 1338 hac
666 1307 730 1345 vero,
752 1301 835 1353 praeter

165 1374 286 1407 commune
306 1358 437 1406 bellantium
455 1356 496 1414 sm,
518 1356 624 1406 accedere
643 1357 834 1406 necessitudinem

165 1425 297 1486 sanguinis:
317 1423 398 1485 quippe
408 1423 487 1484 ipsius,
504 1437 556 1483 quae
571 1428 619 1468 tem
634 1429 730 1468 cruente
746 1424 835 1476 saevist,

164 1503 265 1537 sororem
281 1487 383 1548 equidem
394 1501 525 1549 germanam
536 1502 591 1540 esse,
609 1501 672 1533 suam
684 1502 741 1533 vero
754 1503 836 1535 conso·

165 1553 269 1610 brinamq
285 1553 405 1600 liberorum
414 1552 494 1598 deinde
502 1566 654 1598 communium
662 1551 835 1600 materteram

166 1616 214 1665 His
231 1624 266 1664 tot
284 1616 485 1663 necessitudinibus
501 1614 617 1677 sanguinis
632 1615 710 1677 adjicit
725 1619 835 1678 supersti-

165 1682 252 1732 tionem
268 1679 352 1741 templi,
369 1694 414 1741 qno
428 1680 506 1728 abdito
512 1679 643 1742 profugerit,
660 1687 773 1741 tantoque
783 1684 835 1730 rai.

185 1746 254 1793 iosius
265 1744 371 1793 colendos
382 1745 423 1793 sibi
434 1744 507 1799 Deos,
518 1745 650 1823 quomngis
650 1744 686 1790 his
686 1748 800 1825 propitiis
808 1763 835 1795 ae

165 1761 326 1866 inuentibus¹
304 1810 408 1857 vicisset:
427 1817 476 1856 tum
488 1824 567 1871 neque,
579 1810 653 1856 occisa
640 1806 706 1868 illis,
719 1812 834 1862 sevirium

168 1875 289 1939 quidquam
302 1871 421 1935 Cyziceno
432 1876 567 1931 demtumm,
577 1889 619 1921 nee
630 1881 775 1922 servaturum
786 1878 836 1925 red-

167 1939 221 1990 titt.
255 1939 301 1987 Sed
315 1947 399 2000 quanto
414 1939 509 2002 Grypus
522 1907 605 1994 abtiuit,
622 1946 686 1986 tanto
703 1955 771 1987 soror
786 1957 836 1989 mn·

167 2005 232 2056 liebri
250 2002 372 2069 pertinacia
390 2006 524 2061 accenditur,
544 2011 592 2051 ιιιι
609 2019 657 2050 non
675 2004 837 2054 misericordie

169 2071 305 2125 hecverba,
318 2068 451 2117 sedamons
461 2085 518 2118 esse
550 2067 835 2131 qunevoeatisipsami-
894 2121 895 2136 ,

168 2137 252 2193 litibus,
268 2137 338 2183 mittit
352 2136 391 2197 qui
406 2151 506 2182 sororem
521 2134 675 2182 confoderent.
709 2134 759 2189 Qui
777 2138 835 2184 utin

170 2201 293 2264 templum
288 2208 434 2255 intraverunt,
443 2216 495 2247 cum
506 2200 602 2247 avellere
612 2214 662 2246 eam
674 2214 721 2246 non
733 2209 833 2262 possent,

168 2280 252 2313 manus
273 2266 420 2327 amplexantis
439 2265 500 2312 Deae
517 2264 659 2313 simulacrum
678 2266 837 2329 praeciderunt·

169 2328 238 2377 Tunc
250 2328 375 2392 Cleopatra,
387 2332 543 2378 exsecratione
553 2282 720 2393 parricidnniin,
731 2329 837 2379 mandati

168 2394 261 2442 violatis
274 2396 402 2444 numinibus
417 2396 503 2444 ultione
516 2396 558 2450 sui,
573 2396 668 2444 decedit.
700 2394 756 2443 Nec
765 2396 837 2445 multo

169 2464 222 2521 post
238 2458 332 2521 repetiti
342 2461 415 2523 proelii
429 2462 597 2524 congressione,
614 2461 688 2508 victor
703 2459 837 2523 Cyzicenm

169 2535 265 2571 uxorem
276 2523 351 2586 Grypi
362 2523 523 2588 Tryphaenam,
534 2542 586 2588 quae
596 2527 662 2589 paulo
673 2531 729 2575 ante
737 2541 837 2576 sororem

168 2588 317 2702 interlffierpt,
327 2591 402 2653 capit,
419 2592 512 2654 ejusque
522 2592 629 2656 supplicio
640 2593 719 2640 uxoris
731 2591 839 2641 Μιιιιιιιι

169 2667 239 2715 paren
263 2668 286 2701 ιι

202 2714 248 2766 IV.
264 2717 323 2766 nt
316 2731 340 2768 tn
362 2717 468 2787 AEgyptc
487 2718 609 2788 Cleopatra
629 2736 683 2773 cum
704 2730 837 2785 gravemur
