1800 2942
140 189 190 246 842
260 177 397 232 JUSTlNl
414 177 469 227 Lm.
479 176 579 226 xxm
595 177 655 229 Car.
667 184 691 228 3.

143 313 252 367 hostibus,
268 326 315 359 non
329 316 450 359 contentus
465 324 506 357 sua
520 308 654 366 defendisse,
672 310 736 358 ultro
746 312 815 361 mmm

146 379 232 428 AEtolts
242 378 326 424 bellum
336 374 419 422 inferre
430 375 548 437 gestiebat

164 442 214 491 ·11.
232 441 292 497 Quae
306 443 428 503 agitantem
444 441 506 486 illum
520 439 651 486 Demetrius
667 454 709 486 rex
721 440 816 502 Illyrio-

146 525 205 564 rum,
218 523 313 569 nupera
326 505 397 552 Paulo
409 506 514 551 Romano
525 505 617 551 consule
630 505 710 558 victus,
728 508 814 569 suppli.

147 576 210 623 cibus
233 573 335 635 precibus
362 570 500 633 aggreditur,
526 570 629 632 injuriam
655 569 815 619 Romanorum

147 652 258 701 querens;
274 638 320 698 qui,
339 651 385 681 non
402 635 504 681 contenti
523 633 595 680 ltaliae
611 636 724 689 terminis,
745 638 817 699 impc-

148 706 207 751 rium
218 717 258 764 spe
268 700 369 763 improbi
383 700 453 748 totius
469 700 529 745 orbis
543 699 646 759 amplexi,
662 700 751 747 bellurn
766 718 817 750 cum

149 768 253 816 omnibus
264 767 355 828 regibus
366 772 454 826 gerant.
488 764 525 810 Sic
540 763 591 809 illos
606 764 697 817 Siciliae,
717 767 752 812 sic
764 768 817 814 Sar·

147 833 216 880 diuise
226 830 396 891 Hispaniaeque,
413 830 445 875 sic
457 828 552 888 denique
565 829 634 890 toti-us
647 828 736 876 Africae
748 832 817 894 irnpe-

148 898 206 944 rium
224 894 360 948 affectantes,
378 894 461 939 bellurn
479 908 530 939 cum
549 892 627 938 Poeuis
644 903 668 938 et
689 893 818 943 Hannibale

148 960 286 1023 suscepisse:
306 959 347 1004 sibi
357 973 448 1018 quoque
459 973 505 1004 uon
515 957 580 1003 aliam
592 957 621 1002 ob
631 973 733 1013 causam,
751 976 817 1022 quam

148 1025 209 1088 quod
230 1022 304 1070 ltalioe
325 1021 434 1069 finitimus
458 1022 578 1071 ridebatur.
605 1022 688 1067 bellum
712 1026 815 1072 illatum:

149 1090 212 1153 quasi
224 1088 287 1136 nefas
295 1097 362 1142 esset,
372 1087 468 1148 aliquem
481 1102 556 1146 regem
563 1088 631 1147 juxta
638 1087 728 1148 imperii
740 1105 818 1137 eomm

148 1156 258 1204 terminos
275 1169 332 1201 esse.
366 1152 411 1199 Sed
427 1161 451 1198 et
467 1152 509 1213 ipsi
525 1152 649 1197 cavendum
668 1168 721 1199 esse
741 1170 819 1201 exem·

149 1221 220 1285 plum,
236 1220 300 1283 cujus
311 1226 394 1281 quanto
406 1217 497 1279 propius
512 1216 651 1275 nobiliusque
665 1217 697 1262 sit
712 1235 819 1281 regnunt,

146 1297 215 1334 tanto
226 1286 256 1333 sit
265 1284 384 1331 Romanos
394 1284 491 1328 acriores
503 1282 578 1327 hostes
589 1282 714 1328 habiturus.
748 1286 820 1347 Super

151 1353 208 1407 haec,
225 1350 304 1397 cedere
319 1363 344 1394 se
359 1346 390 1393 illi
403 1362 482 1407 regno,
499 1347 560 1407 quod
574 1345 673 1392 Romani
689 1362 819 1410 occupave-

151 1418 207 1471 rint,-
219 1413 343 1477 profitetur,
359 1412 446 1473 gratius
460 1412 580 1460 habiturus.
597 1412 617 1456 si
632 1412 655 1456 in
673 1415 820 1472 possessione

96 1517 100 1524 .
151 1482 238 1543 imperii
249 1479 283 1527 sui
295 1478 380 1524 socium
391 1477 543 1537 potiusquam
554 1477 630 1521 hostes
641 1475 737 1523 videret
766 1478 818 1526 Hu-

147 1544 274 1610 juscemodi
293 1543 395 1589 oratione
413 1540 503 1602 impulit
522 1539 657 1602 Philippum,
676 1551 708 1595 ut,
727 1537 819 1602 omissis

150 1610 243 1664 AEtolis
259 1608 343 1655 bellurn
355 1605 466 1653 Romanis
476 1603 666 1657 inferretminus
677 1609 767 1669 negotii
779 1623 819 1655 ex·

151 1676 296 1726 istimautem,
315 1671 376 1733 quod
393 1671 441 1733 jam
464 1670 537 1716 victos
559 1671 586 1716 ab
608 1668 740 1718 Hannibale
760 1670 820 1736 apud

151 1738 309 1787 Trasimenum
330 1737 404 1783 lacum
426 1735 533 1782 audierat.
570 1732 657 1796 Itaque,
684 1751 715 1781 ne
736 1740 818 1797 eodem

152 1812 253 1865 tempore
261 1801 341 1850 multis
350 1801 414 1847 bellis
425 1799 575 1852 distineretur,
591 1814 670 1861 pacem
681 1815 735 1847 curn
748 1803 818 1849 AEto-

150 1870 179 1916 lis
191 1868 260 1924 facit3
278 1879 323 1911 non
334 1865 397 1926 quasi
412 1865 456 1911 alio
470 1865 554 1910 bellum
567 1864 724 1919 translaturus,
741 1863 784 1914 sed
794 1876 820 1914 ua

153 1932 252 1983 Gracia
266 1930 335 1991 quieti
352 1930 503 1983 consulturus,
519 1944 586 1990 quam
602 1944 718 1991 nunquam
735 1932 758 1978 in
770 1948 819 1991 ma·

148 1999 194 2063 jori
205 1996 304 2060 periculo
313 1993 383 2040 fuisse
397 1994 535 2040 affirmabatz
555 1993 663 2053 siquidem
675 2010 819 2058 consurgen-

152 2066 213 2112 tibus
228 2062 255 2108 ab
267 2059 391 2108 Occidente
408 2059 475 2105 novis
487 2057 610 2105 Poenorum
625 2066 649 2104 et
660 2057 820 2114 Romanorum

90 2123 92 2129 ’
152 2128 258 2191 imperiis,
277 2125 356 2186 quibus
370 2138 415 2170 una
431 2124 481 2170 boec
498 2138 512 2170 a
528 2121 619 2171 Graecid
633 2130 700 2183 atque
716 2123 820 2178 Asidssit

153 2208 223 2247 mora,
239 2191 292 2237 dum
303 2190 363 2236 inter
377 2188 471 2235 trebello
481 2188 600 2235 discrimen
615 2188 701 2249 imperii
716 2188 817 2249 faciupts

150 2264 267 2303 cretenau⁴
278 2254 354 2301 statim
372 2252 494 2301 victoribus
515 2254 634 2300 transitum
656 2254 679 2298 iu
699 2252 820 2303 Orientem

147 2319 211 2366 dore.
314 2357 317 2362 4

162 2402 165 2410 ·
187 2379 237 2427 111.
247 2380 478 2443 “viderenturque“
487 2383 518 2430 sit
527 2388 722 2446 “consurgentem
728 2382 824 2433 inltalid

154 2447 237 2494 nubem
247 2444 308 2491 illam
319 2448 389 2493 trucis
399 2455 423 2492 et
433 2446 521 2493 cruenti
530 2448 596 2494 belli:
615 2448 693 2495 videre
700 2457 822 2499 tonantem

153 2526 181 2557 ac
190 2508 347 2556 fulminantem
358 2511 386 2555 ab
396 2509 487 2557 Occasu
498 2511 625 2572 procellam,
636 2528 704 2572 quam
716 2514 742 2561 in
753 2531 822 2576 quas·

124 2635 127 2638 Ι
146 2587 251 2633 *cumque
259 2577 368 2619 terrarum
376 2581 450 2634 partes
457 2575 561 2622 victoriae
571 2583 694 2638 tempestas
705 2578 822 2635 detulerit,

141 2636 238 2699 'rmsgno
249 2637 334 2686 cruoris
342 2637 412 2684 imbre
423 2638 660 2701 omnialoedcturam.·
674 2641 825 2705 Frequens«
