1800 2942
227 140 367 194 JUSTINI
381 143 436 193 Lm.
447 143 536 193 xxn.
551 142 612 195 Cu·
621 147 647 194 bs
716 150 771 195 '³09

99 271 264 335 qunquaginta
281 281 369 326 tentum
386 290 464 324 seeum
482 276 568 324 talenta
588 274 618 322 ad
635 280 771 337 presentem
789 250 796 271 ’

98 351 167 389 utum
177 336 257 392 aufert,
270 348 352 388 caetera
365 356 396 388 ex
409 342 475 388 hoste
489 340 569 388 melius
579 353 647 401 quam
663 353 692 386 ex
702 339 770 385 sociis

0 433 1 437 =
97 409 225 463 pensurus.
258 402 344 452 Omnes
358 406 439 452 hunde
449 420 528 453 servos
538 404 642 452 militaris
652 403 733 458 aetatis,
740 403 770 449 li·

98 466 187 513 bertate
202 467 304 523 donatos,
321 477 462 518 sacramento
478 471 562 532 adegit,
579 483 663 530 eosque
679 475 703 515 et
720 483 771 515 ma-

94 532 170 593 jorem
184 540 271 593 partem
285 533 356 582 ferma
367 536 463 582 militum
471 535 568 582 ‹navibus
579 534 690 596 imponit3
708 539 772 580 ratus

98 594 219 655 exaequati
230 599 345 659 utriusque
356 601 441 646 ordinis
451 599 587 654 eonditione,
599 606 699 645 mutuum
711 598 771 645 inter

97 675 140 707 eoa
147 661 237 708 virtutis
245 664 411 711 aemulationem
418 664 532 712 futurams
552 658 772 712 creterosomnesssi

98 724 194 775 tutelam
205 727 283 786 patriae
293 728 390 789 reliquis
758 764 771 774 r.

132 787 164 837 V.
182 790 282 852 Septimo
292 793 362 855 igitur
372 794 459 856 imperii
470 810 537 850 anno,
548 794 667 841 comitibus
682 793 771 840 duobus

98 853 182 901 adultis
193 854 250 910 filiis,
265 858 411 920 Archagatho
422 867 446 906 et
457 857 587 915 Heraeum,
597 858 660 906 nullo
670 857 769 905 militum

97 920 185 966 sciente
203 936 249 981 quo
267 923 391 980 veheretur,
411 939 501 972 cursum
520 925 544 970 in
562 923 663 972 Africam
684 923 770 984 dirigit.

99 981 161 1032 Cum
173 1000 252 1031 omnes
263 994 302 1033 aut
314 988 336 1033 in
348 986 437 1035 Italiam
448 990 573 1051 praedatum
585 1005 618 1046 se,
633 988 703 1036 autin
716 987 770 1034 Sor·

97 1048 190 1102 dinisam,
207 1051 279 1098 ituros
295 1052 419 1107 crederent,
433 1061 483 1099 tum
502 1055 605 1114 primurn,
623 1053 728 1116 exposito
744 1053 769 1099 in

95 1113 185 1160 Africae
206 1115 273 1162 litore
296 1119 405 1175 exercitu,
433 1118 551 1164 consilium
579 1133 645 1164 soum
664 1117 769 1167 omnihus

95 1178 176 1240 operit.
209 1179 263 1233 Quo
273 1181 296 1227 in
307 1181 358 1229 loco
369 1182 488 1242 Syracuse
499 1182 580 1244 positae
590 1183 643 1236 sint,
654 1181 765 1229 ostendit:

94 1250 112 1272 ‘⁶
123 1244 205 1303 quibua
215 1246 276 1292 aliud
286 1247 373 1294 nullum
388 1247 496 1294 auxilium
508 1253 642 1308 superesset,
659 1260 728 1306 quam
743 1252 771 1293 ut

92 1308 199 1355 hostibus
209 1308 299 1366 sociant,
315 1327 367 1372 quae
381 1312 423 1372 ipsi
441 1312 563 1373 patiantur.
595 1310 685 1373 Quippe
704 1309 768 1357 aliter
853 1354 858 1365 ,

94 1372 166 1426 domi,
178 1373 242 1421 aliter
253 1375 314 1431 forts,
325 1376 384 1423 belia
394 1377 492 1423 tractari.
525 1374 596 1422 Domi
608 1391 635 1423 ea
646 1374 695 1422 solu
705 1374 770 1421 auxi·

94 1437 192 1492 haehae,
201 1441 337 1502 quaepatriae
346 1442 406 1489 vires
417 1441 600 1489 subministrent:
619 1440 673 1488 soris
681 1441 769 1486 hostem
781 1486 784 1490 .

95 1502 166 1549 etiam
178 1504 225 1550 suis
236 1505 319 1553 viribus
337 1507 404 1561 vinci,
424 1505 577 1553 deficientibus
592 1503 667 1559 sociis,
684 1511 708 1551 et
718 1503 770 1553 odio

95 1567 198 1615 diuturni
219 1572 305 1631 imperii
328 1579 405 1618 extem
428 1571 510 1618 auxilia
532 1571 628 1617 ciroums
644 1569 769 1617 icieutibus.

94 1630 156 1679 Huc
173 1634 284 1685 secedere.
304 1637 364 1696 quod
383 1636 449 1683 urbes
466 1635 600 1695 castellaque
619 1587 705 1683 ,imeae
721 1647 769 1681 non

93 1698 169 1744 muris
185 1699 272 1753 oinotae,
288 1715 335 1749 non
350 1701 373 1748 in
393 1701 507 1748 montibus
522 1701 602 1762 positae
620 1701 671 1755 sint,
688 1699 729 1747 sed
744 1698 770 1747 in

92 1761 171 1826 plenis
181 1765 272 1824 campis,
291 1766 339 1811 sine
355 1765 406 1813 uilis
423 1766 576 1821 munimentis,
590 1767 695 1827 Jooeant:
713 1778 770 1826 quas

94 1841 178 1874 omnes
189 1837 250 1875 metu
262 1830 354 1877 exscidii
365 1830 432 1878 facile
445 1830 474 1877 ad
489 1830 541 1877 belli
553 1831 684 1879 societatem
694 1829 771 1893 pellici

91 1906 171 1956 posse.
210 1893 288 1956 Majus
315 1896 385 1956 igitur
412 1894 639 1958 Carthaginiensibus
666 1895 693 1942 ab
719 1890 770 1955 ipsi

91 1954 184 2013 Africis,
195 1973 261 2017 quam
273 1974 303 2005 ex
314 1958 396 2014 sicitit.
413 1975 544 2007 exarsurum
556 1961 654 2017 hellum3
671 1959 771 2006 coitura-

92 2036 141 2083 que
156 2023 238 2069 auxilia
253 2025 353 2071 omniurn
370 2026 477 2072 adversus
488 2040 555 2073 unam
573 2025 660 2080 urbem,
675 2022 770 2071 nomino

92 2100 164 2147 quam
176 2087 254 2147 opibus
265 2090 403 2151 ampliorem,
423 2097 446 2137 et
464 2104 519 2150 quas
533 2105 578 2138 non
590 2087 690 2135 attulerit
700 2087 771 2142 sires,

91 2150 150 2201 inde
169 2161 301 2199 sumturum.
335 2153 386 2202 Neo
398 2155 421 2201 in
432 2154 549 2216 repentino
566 2152 690 2200 Poenorum
707 2158 770 2198 metu

90 2215 210 2263 modicum
222 2231 360 2266 momentum
373 2220 474 2266 victorino
484 2218 542 2275 fore,
554 2219 599 2278 qui,
608 2214 671 2263 tantia
678 2212 771 2264 audaciis

90 2280 195 2328 hostium
207 2283 311 2342 perculsi,
323 2285 453 2346 trepidaturi
466 2285 519 2330 sint.
551 2283 680 2330 Accessum
689 2289 713 2329 et
723 2281 771 2328 vil·

90 2345 168 2394 larum
180 2346 288 2401 incendia.
301 2349 443 2396 castellorum
457 2348 589 2408 urbiumque
599 2347 769 2394 contumacium

91 2409 251 2469 direptionem,
279 2420 327 2459 tum
357 2413 428 2476 ipsius
455 2411 601 2475 Carthaginis
623 2411 771 2459 obsidionem.

91 2474 188 2529 Quibus
198 2476 309 2532 omnibus,
319 2494 363 2525 non
374 2478 414 2525 sibi
426 2484 514 2524 tantum
525 2478 549 2523 in
561 2477 626 2535 ulios,
635 2476 675 2524 sed
685 2483 709 2523 et
719 2475 770 2522 aliis

89 2542 118 2589 in
134 2554 167 2594 se,
184 2540 281 2586 sentient
292 2552 368 2604 patere
378 2543 445 2590 bella.
478 2541 525 2590 His
535 2558 582 2590 non
594 2542 666 2591 solum
679 2539 768 2587 Poenos

88 2604 164 2666 rinei,
176 2604 216 2651 sed
226 2612 249 2651 et
258 2606 357 2654 Siciliam
365 2608 461 2661 liberari,
474 2622 554 2669 posse:
574 2621 617 2654 neo
625 2606 685 2655 enim
693 2618 769 2650 mora-

89 2680 159 2731 turos
176 2670 200 2718 in
218 2671 266 2735 ejus
284 2672 400 2722 obsidione
418 2673 504 2732 hostes,
522 2686 574 2721 oum
585 2686 627 2725 auo
637 2673 772 2732 urgeantur.
