1800 2942
148 205 198 253 ⁵24
293 197 430 253 tusum
447 200 501 250 Ln.
511 201 559 252 1x.
576 201 636 254 car.
647 207 670 252 8.

146 334 211 398 plara
221 334 368 398 promitteret
383 347 451 397 qnam
461 340 594 396 prestaret:
612 334 636 381 in
653 334 711 381 racia
721 340 746 381 et
752 334 819 398 jocor

146 399 236 448 artifex.
267 400 386 447 Amicitias
396 399 499 454 utilitate,
516 414 562 446 non
572 398 617 447 fide
626 399 724 448 colebat.
757 402 816 449 Gre-

147 466 202 512 tlam
213 465 300 527 fingere
310 466 333 511 in
343 465 404 528 odio,
420 465 444 510 in
455 462 528 527 gratil
538 462 646 512 offensam
657 466 772 522 simulare,
782 468 816 513 in·

148 537 235 577 struere
244 532 305 576 inter
314 529 478 578 concordantes
488 530 547 586 odia,
559 530 617 592 apud
633 538 756 592 utrumqne
766 545 817 594 gn-

146 596 202 642 tiam
214 610 322 656 quarere,
339 594 446 642 sollennia
458 594 489 641 illi
507 596 654 642 mutuetudo.
686 592 753 643 Inter
769 598 818 644 hoc

148 660 276 721 eloquentia
304 661 409 722 insignia,
440 660 512 706 oratio
534 660 643 706 acuminis
665 666 689 707 et
711 661 818 710 sollertiae

148 724 226 787 plena;
243 731 269 771 ut
280 740 322 772 nec
338 725 427 771 ornatui
440 724 544 778 facilitas,
558 738 601 771 nec
616 724 719 772 facilitati
737 726 818 773 inven-

71 835 74 840 t
147 790 234 837 tionum
246 790 443 838 deeacctornntnr.
476 789 539 835 Huic
556 788 687 837 Alexander
696 789 819 838 filiuaaac-

146 854 222 910 comit,
242 862 265 902 et
282 856 366 902 virtute
382 861 406 902 et
425 855 487 901 ritiit
503 861 567 916 patre
587 856 667 919 major.
704 854 818 904 Vincenti

147 920 205 966 ratio
227 922 315 981 utrique
333 919 428 966 direrra.
466 918 515 966 Hic
529 918 606 982 aperti
623 921 654 974 ri,
677 920 717 968 ille
736 922 820 968 artibus

146 984 206 1031 belle
216 985 331 1031 tractabat.
363 982 475 1047 Deceptis
490 984 529 1032 ille
547 985 646 1047 gaudere
661 986 773 1041 hortibus,
784 987 820 1033 laic

147 1049 221 1111 palam
232 1048 296 1096 furia.
312 1048 448 1096 Prudentior
458 1050 496 1096 ille
507 1050 608 1105 coneilio,
620 1050 657 1096 hic
665 1051 743 1098 animo
754 1065 819 1114 mag·

147 1113 281 1162 nidcentior.
312 1112 373 1161 Iram
384 1123 448 1176 palor
456 1114 819 1176 dissimulareplenanqueetlm

147 1179 251 1227 vincere:
270 1180 307 1227 hic
319 1180 356 1227 ubl
366 1182 495 1233 exarsisset,
513 1195 555 1227 nec
575 1179 652 1227 dilatio
663 1181 765 1235 ultionis,
777 1195 819 1227 aec

83 1266 85 1270 ·
147 1244 228 1292 modus
239 1253 294 1293 erat.
323 1244 381 1293 vnn
398 1246 466 1292 nimir
482 1244 680 1305 uterqueavidne;
696 1247 820 1293 aedebrie·

146 1311 200 1358 tatia
209 1312 299 1359 diversa
307 1311 370 1359 vitia.
403 1309 472 1358 Pater
481 1310 511 1357 de
521 1310 625 1357 coavivio
633 1310 656 1357 in
664 1311 756 1357 hortem
767 1326 820 1373 pro·

145 1391 243 1429 minere,
261 1391 352 1423 manum
368 1372 505 1429 conserere,x
515 1375 620 1435 periculis
638 1391 663 1421 ae
680 1382 769 1423 temere
783 1376 820 1423 os·

146 1440 221 1488 ferre:
242 1441 372 1489 Alexander
383 1456 428 1488 non
440 1442 463 1487 in
472 1441 567 1493 hostem,
578 1440 649 1487 acdin
657 1456 718 1497 auor,
730 1442 820 1489 saevire

148 1506 302 1562 Quamobrem
314 1505 442 1571 Philippum
460 1519 520 1567 saepe
536 1505 679 1551 vulneratum
689 1507 773 1568 proelia
783 1521 819 1553 re·

148 1570 243 1620 miliare:
262 1573 299 1619 hic
309 1569 821 1633 amicoruminterloctoroonviviofreqaenter

148 1638 269 1684 excernit.»
284 1635 392 1699 Regnare
406 1637 444 1683 ille
458 1650 510 1681 curn
527 1635 605 1682 amicis
623 1635 720 1692 volebat,
739 1637 776 1684 hic
795 1638 819 1684 ia

149 1702 233 1748 amicos
249 1715 320 1763 regna
341 1703 466 1749 exercebat.
498 1700 578 1747 Amari
599 1707 663 1761 pater
683 1701 759 1755 malle,
782 1702 819 1748 hic

149 1768 227 1826 metui·
260 1764 387 1813 Literarum
399 1767 474 1814 cultus
485 1766 573 1825 utrique
584 1766 670 1813 similit.
704 1765 819 1813 Sollertiae

147 1837 211 1893 pater
225 1830 322 1892 maj0rir,
333 1832 370 1877 hle
383 1830 442 1879 fidei.
476 1829 565 1876 Verbis⁴
574 1837 640 1891 atque
650 1829 819 1878 orationelffii·

147 1895 227 1958 lippus,
247 1896 284 1941 hic
302 1896 368 1942 robur
386 1896 531 1943 moderatior.
562 1893 672 1943 Percondi
688 1896 756 1948 victis
771 1894 819 1943 fillo

148 1962 236 2008 animur
247 1967 270 2007 et
280 1960 389 2023 promtior
399 1968 422 2008 et
432 1961 564 2019 honestior3
580 1960 619 2007 ille
629 1976 672 2016 nec
688 1962 756 2008 eociia
766 1962 818 2008 aba·

149 2026 240 2074 tinebat.
276 2024 410 2089 Frugalitati
420 2033 491 2088 pater,
506 2024 603 2072 luxuriae
617 2024 677 2072 nlius
691 2025 766 2088 magia
777 2025 818 2073 de-

150 2092 210 2139 ditur
220 2097 275 2139 erat,
308 2088 397 2146 Quibnr
408 2092 493 2147 artibm
503 2091 563 2138 orbir
572 2090 660 2152 imperii
669 2088 819 2138 fundamenta

148 2165 212 2219 pater
218 2157 281 2222 jecit,
292 2156 366 2221 operia
377 2156 447 2205 totiua
457 2156 554 2219 gloriam
564 2153 624 2203 filiun
633 2156 810 2204 consummarit.
