1800 2942
184 139 326 191 rusrnu
342 131 560 192 mcxxxvnr
576 119 669 192 creo.
714 150 762 195 aas

90 271 190 319 missas?
207 287 253 319 non
265 270 407 334 Cappedoeiri
417 270 489 330 lilium
500 273 614 328 eductum,
631 289 698 334 quam
709 275 764 336 jure

1 349 3 364 *
87 339 195 401 gentium
213 338 285 384 victor
301 333 471 399 occupaverat?
504 337 604 399 Raptum
621 347 696 385 tamen
719 341 761 386 sibi

1 437 5 444 .
87 418 141 450 esse
152 403 253 449 victoriae
258 404 298 465 jus
309 403 397 458 abillis,
410 418 506 463 quorum
517 402 573 449 nihil
583 411 624 455 est,
640 405 683 450 nisi
699 405 757 451 bello

86 469 216 529 quaesitum.
249 467 304 515 Non
316 483 393 530 regem
400 466 518 528 Bithyniae
528 466 647 521 chreston,
658 470 681 514 in
689 484 757 529 quern

87 542 182 580 senatus
198 547 261 579 arma
279 534 415 587 decreverat,
436 548 450 579 a
469 548 494 579 se
513 534 647 595 ingratiam
666 534 756 581 illorum

6 601 15 634 t
86 597 207 645 occisum?
226 606 302 645 tamen
325 598 470 645 nihilominus
491 598 597 659 imputari
613 599 660 652 sibi,
678 600 697 644 si
713 614 757 660 qua
826 598 829 602 ’

1 675 12 708 t*
88 662 192 711 Gordius
207 670 246 709 aut
262 662 374 725 'ligranes
391 662 472 710 iaciat:
491 663 615 709 libertatem
634 664 709 718 etiam,
732 665 756 711 in

6 731 13 766 i
85 728 249 775 contumeliam
271 730 313 782 sui,
334 744 348 774 a
367 735 446 775 senatu
467 727 528 774 ultro
550 728 645 773 delatam
666 726 756 790 Cappa-

9 817 12 824 ,
85 793 167 846 dociae,
184 808 250 854 quarn
271 793 362 853 reliquis
380 793 486 855 gentibus
501 793 654 840 abstulerunt:
675 793 755 840 deinde

2 865 11 924 t
83 858 184 922 populos
196 856 362 920 Cappadocum,
379 874 420 920 pro
436 857 539 904 libertate
554 856 628 904 oblati
642 859 755 906 Gordium

3 923 9 968 i
83 938 165 986 regem
177 931 276 980 orantes,
292 924 343 969 ideo
359 930 455 977 tantum,
472 925 579 983 quoniam
595 924 681 970 anricus
697 939 752 971 suus

83 994 153 1043 esset,
165 1002 211 1035 non
223 988 352 1034 obtinuisse.
384 986 526 1034 Nicomeden
537 997 650 1050 praecepto
662 989 752 1035 illorum

1 1066 7 1100 t
62 1052 170 1101 “bellum
182 1054 222 1100 sibi
232 1054 349 1100 intulisse:
369 1054 421 1112 quie
435 1052 508 1097 ultum
525 1054 576 1097 ierit
598 1069 629 1108 se,
651 1055 679 1099 ab
700 1054 755 1114 ipsis

1 1140 3 1166 r
80 1124 179 1166 ventum
196 1118 292 1172 obviam,
308 1124 331 1163 et
350 1132 410 1164 nunc
429 1131 479 1162 eam
499 1131 575 1162 secum
593 1118 753 1165 tetenderitis

81 1195 175 1231 causam
186 1182 241 1237 fore,
252 1183 312 1243 quod
324 1197 370 1229 nou
381 1182 474 1243 impune
485 1196 510 1227 se
520 1180 640 1227 Nicomedi
651 1182 752 1230 laceran-

1 1267 7 1296 t
80 1250 146 1302 dum,
159 1247 280 1294 saltatricis
291 1246 344 1302 filio,
356 1246 483 1308 praebuerit.

1 1349 6 1362 ,
115 1308 169 1359 vl„
178 1317 193 1341 ⁴¹
205 1312 296 1374 Quippe
307 1327 352 1359 non
368 1312 449 1357 delicta
466 1325 545 1373 regum
561 1310 619 1364 illos,
636 1310 676 1358 sed
691 1312 752 1359 vires

1 1397 6 1428 t
79 1394 109 1427 ac
119 1379 259 1440 majestatem
272 1377 375 1438 insequi;
392 1391 466 1437 neque
476 1377 500 1421 in
511 1391 537 1422 se
547 1391 600 1431 uno,
612 1376 686 1421 sedin
701 1377 751 1426 aliis

1 1435 5 1489 i
56 1469 59 1472 -
79 1457 173 1506 quoque
183 1443 287 1489 omuibus
298 1444 340 1489 hac
351 1456 439 1504 semper
456 1448 504 1487 erte
521 1448 642 1502 grassatos.
677 1442 715 1488 Sic
726 1451 750 1489 et

77 1522 150 1557 avum
164 1522 230 1554 suum
248 1507 388 1560 Pharnacen,
410 1520 451 1568 per
473 1507 633 1567 cognationum
654 1507 751 1564 arbitrie,

77 1573 245 1621 succedaneum
261 1573 310 1634 regi
327 1571 472 1634 Pergameno
488 1570 588 1617 Eumeni
605 1571 697 1618 datum:
717 1573 750 1619 sic

1 1659 3 1684 z
78 1653 160 1687 rursus
169 1636 298 1692 Eumenen,
314 1637 378 1700 cujus
394 1636 502 1683 classibus
517 1638 614 1698 primum
633 1637 657 1683 iu
668 1636 749 1684 Asiam

76 1702 144 1754 fuere
155 1703 293 1760 transvecti;
310 1703 374 1765 cujus
384 1701 485 1750 exercitu
495 1702 575 1763 magis,
587 1716 653 1762 quam
665 1718 715 1760 suo,
725 1710 749 1750 et

1 1795 2 1802 κ
74 1770 194 1831 Magnum
205 1768 352 1822 Antiochum,
364 1774 387 1813 et
399 1766 480 1814 Gallos
496 1767 520 1813 in
532 1764 595 1821 Asia,
612 1774 635 1813 et
651 1781 707 1815 mox
722 1769 747 1815 in

1 1871 2 1874 =
75 1832 216 1883 Memnonia
226 1847 305 1896 regem
317 1831 403 1879 Persen
414 1831 562 1889 domuerant;
579 1838 603 1879 ct
614 1833 688 1895 ipsum
705 1848 747 1894 pro

75 1902 147 1948 hosta
155 1898 262 1955 habitum,
274 1898 339 1960 eique
349 1897 492 1944 interdictum
502 1894 580 1944 Italid:
595 1904 619 1944 et
628 1899 747 1958 quodcum
799 1908 801 1911 ·
821 1913 825 1926 ·
843 1957 845 1964 X

73 1967 130 2029 ipso
141 1962 242 2011 deforme
257 1963 300 2010 sibi
314 1970 457 2026 putaverant,
475 1978 525 2009 cunr
537 1955 583 2009 filio
595 1964 643 2024 ejus
654 1963 745 2009 arion

73 2031 131 2094 nico
139 2028 223 2075 bellum
234 2029 340 2090 gessisse.
355 2028 448 2075 Nullius
459 2029 519 2091 apud
529 2043 568 2074 eos
576 2029 666 2090 majora,
678 2041 745 2087 quarn

72 2093 217 2149 Masinissae,
232 2094 293 2155 regis
303 2092 464 2150 Numidarum,
474 2093 551 2139 baben'
561 2092 649 2137 merite.
681 2090 745 2139 Huic

72 2158 183 2223 imputari
190 2159 276 2206 victum
284 2157 443 2213 Hannibalem,
451 2158 504 2204 huic
512 2163 602 2219 captum
610 2155 744 2216 Syphacem,

71 2226 129 2273 huic
147 2222 311 2287 Carthaginem
328 2224 438 2281 deletam3
457 2224 518 2269 bunc
535 2223 595 2268 inter
617 2221 674 2267 duos
693 2222 744 2270 illos

69 2288 197 2340 Africanos
211 2290 302 2336 tertium
319 2295 457 2336 servatorem
469 2287 540 2334 Urbis
555 2284 647 2333 referri:
667 2292 743 2333 tamen

69 2369 127 2405 cum
144 2355 211 2417 huJue
232 2361 315 2417 nepote
333 2354 416 2402 bellum
432 2354 502 2400 modo
518 2352 541 2398 in
557 2347 636 2397 Asnct
652 2359 743 2413 gestum
819 2367 821 2372 ’

68 2420 131 2470 adeo
141 2419 282 2482 inexpiabile,
294 2427 319 2466 ut
330 2434 359 2466 ne
369 2419 456 2466 victum
473 2417 562 2479 quidem
579 2417 695 2463 memoriae
706 2418 743 2463 avi

69 2488 191 2538 donarent,
209 2485 263 2546 quin
282 2497 394 2532 carcerem
411 2499 437 2531 ec
460 2481 567 2544 triumphi
590 2481 742 2543 spectaomunr

69 2549 220 2612 experiretur.
263 2548 334 2598 Hauc
350 2549 406 2596 >illos
427 2548 519 2610 regibus
541 2548 645 2593 omnibus
665 2546 742 2607 legem

67 2616 177 2665 odiorum
187 2614 285 2673 dinisam
298 2614 385 2662 scilicet
393 2614 448 2676 quia
458 2612 500 2676 ipsi
511 2611 569 2659 tales
579 2626 647 2675 reges
657 2610 742 2657 babue-

65 2684 123 2736 rint,
134 2695 231 2742 quorum
242 2681 311 2731 etiarn
327 2679 456 2732 nominibus
472 2678 612 2733 embescant,
633 2682 673 2724 aut
688 2688 740 2737 pes-
