1800 2942
75 136 130 188 cn.
139 143 177 189 97.
299 100 509 190 JUGURTHA.⁴
687 145 732 191 tlt

72 277 156 330 petere:
174 271 248 334 magis
258 271 281 318 id
291 272 398 327 laborare,
413 279 440 319 ut
450 272 483 319 illi
494 285 561 333 qutun
569 271 660 333 plurimi
667 271 735 320 debe·

72 344 131 382 rent:
140 339 194 399 joca
199 346 268 397 atque
273 340 332 384 seria
339 354 391 385 oum
398 338 537 384 humillumis
542 352 621 400 agere3
631 338 655 382 in
662 338 735 398 operi·

72 399 116 453 bus,
127 402 150 447 in
158 403 255 463 agmine,
264 411 331 463 atque
341 404 369 449 ad
381 403 480 465 vigilias,
493 403 578 449 multus
585 402 679 458 adesse;
694 416 735 449 ne·

73 478 113 523 que
127 467 216 513 interim
228 468 300 529 (quod
310 483 379 529 prava
391 468 483 514 ambitio
493 466 562 526 solet)
574 467 679 522 consulis,
695 474 735 514 aut

74 530 197 592 cujusquam
207 533 268 586 boui,
285 531 368 579 sarnam
380 533 462 578 laedere
469 549 478 589 ;
495 532 649 579 tantummodo
661 546 735 592 neque

73 597 159 643 oonsilio
176 612 249 658 neque
265 612 333 643 mauu
350 598 446 659 priorem
461 597 528 643 olium
540 599 586 659 pati
618 597 736 658 plerosque

73 664 203 715 sntevenire.
236 659 297 715 Quis
318 663 383 709 rebus
406 663 468 708 brevi
486 661 563 708 Mario
582 662 735 723 militibusque

73 726 292 774 osrissumusfactus.
395 768 398 773 ⁴
696 770 700 774 Α

97 789 203 840 XCVII.
220 791 253 838 At
259 790 380 855 iugurtha,
388 802 506 856 postquam
514 793 619 856 oppidum
629 791 733 855 Capsam,

71 854 163 917 tliosque
173 858 237 905 locos
247 860 348 905 munitos
358 869 381 905 et
392 860 433 905 sibi
445 860 512 914 utilis,
520 860 617 906 simulet
628 872 733 920 magnam

72 924 182 980 pecuniam
193 924 304 978 amiserat,
316 925 344 969 ad
355 923 473 970 Bocchum
480 926 572 971 nuntios
580 924 656 977 mittit,
664 936 732 982 quam

72 986 161 1046 primum
190 988 215 1034 in
245 987 376 1034 Numidiam
403 990 478 1050 copias
500 990 635 1046 odduceret;
658 985 733 1050 proelii

71 1047 160 1113 hiundi
171 1060 261 1114 tempus
272 1054 356 1101 adesse.
390 1053 467 1107 Quem
479 1054 515 1100 ubi
529 1055 628 1101 cunctari
639 1051 734 1113 accepit,

73 1111 154 1163 dubium
165 1118 218 1163 beili
229 1119 368 1179 atquepseis,
375 1119 474 1165 rationes
484 1121 582 1169 trabere.
602 1133 684 1171 rursus,
697 1115 731 1163 uti

21 1194 22 1197 ’
72 1187 134 1238 antea,
155 1197 280 1244 proxumos
301 1184 366 1229 donis
387 1184 516 1244 corrumpit,
538 1183 623 1244 ipsique
648 1182 733 1228 Mauro

74 1245 180 1307 pollicetur
199 1246 317 1293 Numidiae
332 1255 418 1310 partem
436 1249 532 1300 tertiam,
552 1249 619 1293 siant
633 1245 735 1297 Romani,

74 1306 143 1358 uuus
152 1313 249 1375 expulsi,
258 1319 303 1366 aut,
314 1313 408 1375 integris
420 1314 467 1359 suis
474 1311 562 1364 finibus,
572 1311 655 1357 bellum
666 1325 730 1357 corn·

73 1377 161 1434 positum
179 1378 248 1424 soret,
280 1377 318 1424 Eo
328 1379 422 1439 praemio
439 1373 528 1425 iltec'tus
547 1375 659 1429 Bocchus,
677 1389 742 1421 cum

72 1441 145 1503 ungat
161 1442 306 1489 multitudine
323 1442 460 1505 ,Iugurtham
476 1442 570 1489 accedi.
601 1437 638 1486 Ita
654 1440 730 1486 ambo·

73 1518 114 1567 rum
134 1509 236 1554 exercitu
257 1510 385 1569 conjuncto,
408 1508 575 1568 Mariumijam
597 1506 621 1551 in
640 1506 731 1551 hiberna

72 1570 248 1630 proficiscentem,
263 1574 304 1619 rix
320 1571 407 1619 decimi
425 1580 489 1635 parte
506 1572 542 1618 die
558 1568 649 1630 reliqui,
666 1570 730 1617 inra-

74 1634 134 1694 dunt3
158 1638 200 1685 rati
222 1646 320 1691 nomem,
345 1653 397 1699 quae
418 1639 467 1700 jam
494 1637 576 1691 aderat,
602 1635 667 1682 riotis
689 1634 731 1682 sibi

72 1703 204 1749 munimento
214 1701 278 1761 fore3
295 1711 325 1757 et,
336 1704 355 1749 si
366 1703 480 1756 vicissent,
492 1703 553 1749 nullo
564 1701 731 1764 impedimento,

72 1766 117 1825 quia
125 1768 227 1814 iocorum
239 1769 335 1814 scientes
345 1775 423 1824 erant3
435 1777 515 1813 oontrs
522 1766 632 1814 Romanis
642 1775 730 1813 utrum·

23 1844 24 1879 1
73 1844 109 1890 que
123 1848 201 1879 casum
218 1834 242 1879 in
260 1833 357 1878 tenebris
375 1832 529 1879 difficiliorem.
569 1830 642 1894 Igitur
664 1830 734 1878 simui

73 1897 143 1943 onan
160 1913 191 1944 ex
207 1897 285 1943 multis
302 1896 330 1942 de
347 1897 444 1943 hostium
462 1897 559 1944 adventu
574 1897 690 1959 cognovit,
707 1901 732 1941 st

73 1958 108 2021 ipsi
120 1963 197 2009 hostes
210 1962 316 2019 aderant;
333 1970 363 2016 et,
377 1963 506 2023 priusquam
523 1964 634 2009 exereitus
646 1967 685 2006 aut
695 1959 730 2005 in·

24 2040 25 2063 2
75 2027 129 2082 strui,
146 2037 186 2074 aut
204 2028 302 2073 sarcinas
313 2027 426 2088 colligere,
442 2026 538 2087 denique
554 2035 672 2086 antequam
684 2024 731 2086 sig-

75 2103 121 2136 num
139 2100 178 2138 sut
199 2093 317 2152 imperium
338 2092 409 2137 ulium
426 2093 528 2153 accipere
543 2091 623 2151 quivit,
644 2088 732 2149 equites

76 2152 144 2202 Msuri
153 2165 222 2218 atque
233 2156 326 2210 Gaetuli,
336 2172 381 2201 non
388 2156 435 2202 acie
446 2171 519 2215 neque
527 2156 574 2201 ullo
581 2168 643 2200 more
651 2153 731 2216 proelii,

25 2224 27 2291 i
76 2221 108 2266 sed
124 2222 262 2275 catervatim,
280 2222 313 2266 uti
328 2236 428 2281 quosque
444 2219 492 2267 fors
509 2219 690 2280 conglobaverat,
708 2219 732 2266 in

26 2292 27 2309 ³
76 2292 155 2333 nostros
177 2291 329 2332 concurrunt:
355 2287 393 2345 qui
411 2300 490 2347 omnes
509 2284 588 2346 trepidi
610 2282 732 2345 improviso

76 2358 135 2405 nuo,
151 2366 178 2397 ac
189 2359 266 2397 tamen
281 2350 370 2396 virtutis
386 2363 507 2406 memores,
524 2358 563 2395 aut
579 2364 641 2395 snna
658 2350 732 2410 cupie-

76 2412 127 2470 bont,
142 2424 182 2462 aut
199 2416 308 2477 capientis
327 2415 382 2461 ulios
399 2415 427 2460 ab
448 2416 549 2462 hostibus
571 2413 731 2472 defensabant3

77 2490 119 2538 pus
134 2495 203 2541 equos
220 2480 347 2534 escendere,
365 2481 452 2525 obviarn
470 2480 503 2526 ire
519 2479 632 2525 hostibus:
656 2492 733 2540 pugna

27 2560 28 2565 ¹
77 2541 183 2603 hirocinio
188 2546 263 2607 magis
269 2552 336 2605 quam
343 2544 423 2605 proelio
435 2544 515 2593 similis
521 2542 585 2589 fieri:
596 2543 645 2589 sine
653 2542 731 2603 signis,

74 2608 116 2655 tine
122 2610 239 2665 ordinibus,
248 2609 341 2670 equites,
349 2609 441 2671 pedites,
449 2608 661 2671 permixti;oaedere
669 2605 733 2657 alios,

74 2671 276 2734 diuobtrudoote3
294 2674 383 2732 multos,
401 2683 480 2722 contra
494 2673 602 2722 advorsos
617 2681 733 2717 acerrume
