1800 2942
232 445 251 500 ³
291 435 510 554 ‘Jusunu

79 611 84 636 ι
103 669 389 732 HISTORIARUM
409 670 727 733 PHILIPPICARUM

98 817 101 826 ’
144 815 251 896 mnnn
266 847 478 899 ufflcnsnuus
495 848 688 900 sncunnus.

34 1141 36 1146 ⁴
77 1147 81 1158 ¹
116 1124 138 1173 1.
155 1124 249 1181 AEuoun
266 1126 304 1188 qui
320 1127 459 1174 Antiochum
476 1129 499 1174 in
512 1129 571 1174 bella
584 1128 688 1175 Romanu
702 1129 746 1175 im-

76 1191 192 1256 pulerant,
204 1191 265 1237 victo
275 1192 362 1246 eodem,
375 1191 417 1238 noli
425 1194 532 1239 adversus
540 1192 663 1247 Romanos,
676 1200 699 1238 et
709 1195 745 1239 vi-

79 1258 145 1304 ribus
155 1257 256 1317 impares,
264 1263 287 1302 et
298 1257 359 1303 omni
366 1256 450 1303 auxilio
460 1257 566 1309 destituti,
579 1264 743 1303 remanserunt:

79 1336 125 1369 nec
135 1320 208 1366 multo
218 1328 269 1383 post
281 1322 340 1376 victi,
356 1322 489 1376 libertatem,
505 1337 572 1382 quam
583 1321 699 1374 illibutnmf
706 1320 746 1366 ad·

78 1397 162 1433 versun
173 1385 347 1432 dominationem
359 1385 530 1432 Atheniensium
545 1392 568 1433 et
580 1385 746 1447 Spartanorum,

77 1452 142 1497 inter
156 1457 191 1495 tot
204 1450 301 1496 Graeciae
318 1451 426 1504 civitaten,
446 1451 487 1497 noli
504 1452 647 1503 retinuerant,
665 1449 745 1495 nmine

77 1522 143 1562 runt.
178 1513 237 1568 Quae
248 1515 347 1561 conditio
356 1521 419 1561 tunto
434 1516 529 1561 amarior
543 1505 593 1568 illis,
610 1521 695 1573 quanto
708 1529 744 1560 ne·

79 1581 129 1627 rior
147 1578 195 1632 tuit,
219 1580 370 1641 reputantibus
392 1586 493 1642 tempora
511 1579 555 1631 illa,
577 1579 656 1639 quibus
677 1579 746 1625 tantis

80 1644 204 1695 Persarum
211 1645 296 1705 opibus,
308 1644 436 1690 domesticis
442 1645 533 1698 viribus,
542 1644 679 1700 restiterint3
695 1644 745 1703 qui·

79 1711 125 1756 bus
137 1709 256 1756 Gallorum
268 1709 403 1762 violentiam,
415 1709 479 1755 Asiae
491 1707 608 1769 Italiaeque
618 1708 746 1763 teriibilem,

79 1773 196 1835 Delphico
210 1774 269 1820 bello
283 1772 398 1835 fregerint
432 1772 492 1827 Quae
507 1773 606 1835 gloriosa
622 1773 746 1820 recordatio

79 1840 156 1901 mugio
178 1838 311 1885 desiderium
335 1838 442 1885 libertatis
465 1839 568 1900 augebat.
608 1835 673 1884 Dum
691 1838 745 1885 'haec

80 1911 188 1965 aguntur,
205 1903 279 1950 medio
291 1912 392 1964 tempore
402 1904 462 1949 inter
473 1903 601 1949 Messenios
612 1911 636 1948 et
646 1903 745 1949 Aclraeon

80 1969 111 2015 de
129 1968 253 2031 principatu
271 1972 343 2030 primo
360 1968 477 2022 dionensio,
494 1982 549 2014 mor
569 1968 652 2014 bellum
670 1972 744 2013 ortum

81 2039 125 2079 est.
158 2031 187 2078 In
200 2048 227 2079 eo
244 2032 324 2079 nobilio
335 2032 473 2079 Achaeorum
484 2033 611 2094 imperator,
630 2030 745 2098 Philopce·

80 2111 143 2151 men,
161 2099 263 2159 capitur;
279 2112 326 2144 non
343 2100 395 2158 quin
408 2097 530 2160 pugnando
544 2098 598 2142 vitae
613 2095 746 2156 pepercerit,

78 2163 121 2209 ned
138 2162 191 2209 dum
206 2176 259 2208 nuos
274 2164 298 2207 in
309 2162 413 2223 proelium
424 2169 521 2215 revocat,
538 2162 562 2206 in
573 2160 668 2206 transitu
677 2158 747 2207 fosse

80 2242 141 2287 equo
155 2227 313 2289 praecipitatus,
330 2241 344 2273 a
357 2227 501 2273 multitudine
514 2225 612 2271 hostium
627 2233 746 2285 oppressus

78 2298 122 2339 ent
157 2291 233 2346 Quem
243 2294 357 2352 jacentem
374 2290 490 2345 Messenii,
511 2306 550 2337 seu
569 2296 631 2335 metu
649 2289 745 2344 virtutis,

80 2369 122 2403 neu
137 2355 270 2403 verecundid
285 2355 407 2418 dignitatis,
426 2354 552 2402 interficere
570 2355 618 2400 ausi
635 2352 745 2405 noniue·

79 2428 142 2467 runt.
175 2419 255 2480 Itaque
262 2419 324 2467 velut
333 2421 356 2466 in
368 2421 407 2466 illo
418 2435 486 2466 omne
496 2418 577 2465 bellum
589 2417 747 2473 confecissent,

79 2486 194 2547 captivum
205 2500 245 2547 per
255 2485 382 2531 universum
393 2485 516 2541 civitatem,
527 2485 551 2529 iu
562 2483 654 2529 modum
664 2482 745 2528 tulum·

79 2550 127 2611 phi,
147 2549 350 2603 circumduxerunt
371 2548 442 2595 effuso
462 2549 550 2594 obvium
567 2546 657 2609 populo,
680 2557 707 2592 ae
726 2547 745 2592 nl

80 2627 142 2674 suun,
160 2615 205 2659 non
218 2615 322 2666 hostium,
334 2615 456 2675 imperator
466 2611 604 2658 adventaret.
614 2623 619 2648 1
634 2608 687 2655 Neo
696 2610 746 2656 vic·

80 2684 154 2725 torem
166 2677 246 2726 Achaei
257 2679 343 2725 avidius
356 2677 473 2732 vidissent,
488 2690 557 2738 quom
572 2676 658 2723 uictum
668 2674 746 2721 houton
