1800 2942
145 198 196 243 aso
239 224 243 233 .
272 186 478 244 insulsi-nn
490 185 686 246 xlch-cns.

151 323 243 372 eniens
254 331 341 387 partem
360 326 537 373 robustissimam
556 320 646 372 amiciti
670 323 764 395 quippe'
777 338 823 388 op·

150 391 264 452 pugnanti
275 392 359 443 urbem,
376 391 405 437 ad
419 391 512 438 tutelam
524 392 607 452 patrius
616 397 679 437 nnn
694 390 823 436 multitudo

151 454 285 501 seminarum
303 456 423 508 concurrit,
446 462 473 502 ut
488 470 535 501 non
550 455 632 502 lortius
649 455 732 510 victus,
750 462 822 515 quam

151 519 307 573 verecundius,
330 521 451 567 recederet.
483 519 556 566 Porro
575 519 726 567 Ptolemceum
746 519 824 565 lilium·

152 584 203 646 ejus
217 578 273 630 adeo
289 591 404 630 strenuum
420 592 443 630 et
460 599 528 630 manu
543 584 625 632 sortem
636 584 707 630 luisse
716 583 822 638 trudunt,

153 654 179 695 ut
192 648 269 695 urbem
281 646 405 709 Corcyram
419 664 471 694 cum
483 649 626 710 sexagesimo
638 648 723 709 ceperit
732 665 739 694 r
749 648 822 694 ¹idem

148 713 235 775 proelio
245 713 319 760 navali
329 714 511 773 quinqueremem
522 728 552 758 ex
565 710 647 774 scaphis
657 727 710 758 cum
720 713 823 775 septimo

150 775 271 830 insiluerit,
279 784 411 839 captamque
421 777 531 823 tenuerit:
550 778 573 823 in
584 778 755 838 oppugnatione
763 790 822 837 quo·

150 855 198 901 que
209 840 369 901 Spartanorum
380 842 485 900 usquein
496 840 591 887 mediam
606 841 685 886 urbem
695 856 755 902 equo
767 852 822 903 pro-

153 906 261 961 currerit3
276 905 350 964 ibique
360 919 471 952 concursu
481 906 630 952 multitudinis
637 905 774 952 interiectus
784 907 821 952 sit.

156 966 228 1030 Cujus
239 983 320 1030 corpus
333 976 359 1015 ut
371 969 467 1016 relatum
477 971 535 1032 putri
549 977 591 1025 est,
607 970 692 1016 dixisse
702 970 821 1029 Pyrrhum

154 1032 238 1086 luunt,
256 1032 370 1093 aliquanto
385 1035 472 1080 tardius·
489 1048 548 1089 eum,
566 1049 633 1094 quem
648 1035 751 1081 timuerit
762 1036 821 1097 ipso,

149 1096 193 1143 mel
203 1097 318 1144 temeritas
327 1099 376 1160 eJ'us
385 1100 499 1152 meruerit,
511 1099 610 1145 occisum
621 1114 678 1145 esso

153 1192 155 1196 ι
188 1159 220 1208 V.
236 1160 351 1224 Repulsm
367 1178 381 1208 a
397 1163 512 1225 Spartanis
529 1163 637 1222 Pyrrhus,
654 1163 732 1226 Argos
739 1165 819 1226 'petits

147 1225 192 1282 tbi,
207 1227 260 1274 dum
272 1229 415 1288 Antigonum
425 1229 450 1273 in
461 1229 516 1275 urba
526 1229 625 1274 clausum
636 1243 771 1290 expugnare
779 1242 822 1277 co·

154 1298 229 1345 natur,
249 1292 308 1338 inter
326 1290 502 1339 confertissimos
521 1293 682 1340 violentissime
700 1292 821 1349 dimicans,

149 1370 209 1404 *saxo
220 1356 249 1403 de
258 1356 328 1403 muris
338 1357 397 1411 ictus
406 1357 523 1404 occiditur.
554 1355 631 1419 Caput
639 1359 687 1419 ejus
699 1357 824 1420 Antigono

149 1419 264 1479 refertum
282 1421 327 1482 qui,
343 1418 437 1467 victoni
447 1423 525 1468 mitius
536 1436 598 1476 usus,
613 1421 683 1469 filium
700 1423 749 1483 eJus
767 1422 823 1471 He·

146 1485 238 1539 denum,
255 1500 306 1532 curn
318 1484 419 1547 Epirotis
428 1486 587 1540 sibideditum,
605 1487 628 1532 in
642 1501 736 1548 regnum
745 1490 823 1535 remi-

147 1548 191 1605 sit,
207 1551 273 1610 eique
286 1550 391 1612 insepulti
406 1551 476 1612 patris
490 1566 541 1598 ossa
554 1551 577 1597 in
591 1552 685 1613 patriam
702 1549 824 1602 referenda

148 1614 253 1661 tradidit.
286 1614 347 1663 Satis
358 1622 464 1662 constans
477 1615 537 1662 inter
548 1630 628 1662 ornnes
641 1624 743 1663 auctores
758 1616 823 1667 famu

154 1685 197 1732 est,
221 1678 306 1725 nullum
326 1695 368 1725 nec
384 1681 432 1741 ejus
451 1695 494 1726 nec
512 1680 632 1743 superioris
648 1683 723 1727 aetatis
740 1696 824 1745 regern

146 1743 328 1803 comparandum
348 1743 437 1804 Pyrrho
458 1743 543 1802 luisse}
560 1742 668 1806 'raroque
690 1760 736 1792 non
759 1748 823 1795 inter

145 1820 223 1868 -reges
233 1813 329 1860 tantum,
346 1823 425 1854 verum
436 1809 505 1856 etiarn
517 1809 576 1856 inter
585 1809 684 1857 illustres
694 1811 773 1864 uiros,
781 1821 823 1861 ant

154 1872 210 1918 vitae
220 1871 343 1926 sanctiens,
351 1880 390 1919 aut
396 1873 493 1934 justitiae
498 1873 638 1935 probatioris,
648 1875 723 1921 visum
731 1874 819 1925 luisse:

155 1936 272 1984 scientim
283 1937 386 1982 certesei
397 1937 499 1985 militaris
510 1939 533 1984 in
543 1938 582 1985 illo
590 1938 640 1985 viro
648 1938 733 1986 tantam
739 1939 821 1998 iusisse,

146 2008 181 2048 -ut
191 2015 243 2048 cum
254 1998 399 2062 Lysimacho,
417 2000 543 2058 Demetrio,
559 2002 687 2065 ¹Antigono,
702 2005 822 2054 tantis‘re·

154 2065 228 2128 gibus,
244 2066 303 2113 bella
315 2081 405 2129 gerens,
419 2066 518 2114 invictus
528 2082 615 2129 semper
624 2067 707 2115 suerit:
726 2067 822 2131 Illyrio.

155 2146 205 2178 rum
221 2146 318 2193 quoque,
338 2131 471 2187 Siculorum,
491 2131 699 2194 Romanommque,
718 2142 743 2180 et
757 2133 821 2184 Car·

154 2195 329 2256 tbsglniensium
347 2196 417 2249 bellis,
437 2210 551 2258 nunquam
570 2196 669 2252 inferior,
686 2198 821 2261 plerumque

155 2259 223 2305 etiarn
234 2260 307 2306 victor
313 2261 438 2307 exstiterit:
458 2263 496 2321 qui
505 2261 601 2323 putrium
612 2269 673 2308 certe
686 2276 760 2322 suam,
772 2276 820 2312 'sn-

144 2329 246 2382 ·gustnm
256 2323 429 2385 ignobilemque,
443 2323 505 2371 fami
515 2341 590 2372 rerum
600 2334 723 2387 gestarum,
735 2336 760 2375 et
769 2331 819 2378 cln-

65 2406 67 2409 ’
154 2384 221 2432 ritate
231 2387 506 2446 communionum
515 2390 623 2439 illustrem
635 2391 763 2441 reddiderit.
804 2420 808 2428 ·
