1800 2942
214 145 631 205 JUsT1N1thL1v.0n.s.
716 157 764 202 417

99 297 199 333 reuaeum
211 286 263 332 coit.
295 283 368 332 Porro
380 284 487 347 Pyrenaei
497 286 581 332 montis
599 285 695 348 spatium
711 298 764 330 sex*

99 357 166 398 centa
186 351 257 397 millia
274 365 379 413 passuum
400 351 476 397 efficit
514 351 636 397 Salubritas
654 349 706 395 coell
724 363 765 410 per

99 428 191 462 ornnem
202 414 336 477 Hispaniam
349 415 447 474 aequalis,
462 415 514 477 quia
531 415 589 461 aeris
602 415 693 477 spiritus
704 410 766 459 nunt

98 479 213 542 paludium
227 480 292 540 gravi
309 478 389 526 nebulai
405 478 510 526 inlicitur.
543 479 599 526 Huc
615 479 724 525 accedunt
741 484 766 524 et

97 544 193 591 marinae
206 559 267 592 aurae
283 545 381 604 undique
396 560 475 591 versus
491 544 574 591 assidui
590 544 666 600 flatus,
684 542 765 604 quibus

98 621 190 656 ornnem
202 609 339 671 provinciam
347 610 521 671 penetrantibus,
534 610 656 656 eventilato
664 607 764 654 terrestri

98 672 186 736 spiritu,
206 674 318 736 praecipua
332 674 460 720 homiuibus
471 674 555 720 sanitas
569 674 675 720 redditur.

133 736 168 783 IL
184 736 285 802 Corpora
306 739 422 785 hominum
442 739 471 785 ad
494 739 590 786 inediam
612 738 762 797 laboremque,

98 801 169 849 animi
188 804 216 849 ad
235 809 337 858 mortem.
357 804 435 865 parati.
475 802 542 850 Dura
561 803 664 849 omnibus
683 810 706 849 at
724 801 764 848 ad·

100 867 178 914 stricta
197 868 340 929 parcimonia.
376 868 467 915 Bellum
484 883 552 929 quam
571 869 642 915 otium
661 866 762 913 malunt:

99 932 119 979 si
136 939 257 979 extraneus
278 932 347 987 deest,
367 933 427 979 domi
446 934 534 979 hostem
553 940 665 994 quaerunt
699 931 766 991 Saepe

99 997 219 1044 tormentis
229 997 375 1059 prosilentro
391 1011 466 1043 rerum
482 998 614 1044 creditarum
634 996 762 1043 immortuia

99 1062 156 1109 adeo
183 1061 227 1108 illis
252 1062 329 1124 potior
352 1062 510 1109 taciturnitatis
531 1076 591 1115 cura,
614 1077 682 1122 quam
703 1060 766 1107 vitae.

81 1129 82 1133 ’
100 1124 234 1181 celebratur
244 1128 310 1173 etiarn
320 1124 380 1174 bello
397 1124 485 1172 Punico
501 1127 560 1172 servi
574 1126 635 1173 illius
650 1126 764 1187 patientia,

99 1192 145 1253 qui,
162 1191 223 1238 ultus
238 1191 360 1246 dominum,
374 1192 434 1237 inter
449 1198 561 1237 tormenta
575 1190 622 1237 risu
636 1189 771 1246 exsultavit*

98 1255 223 1316 serenique
246 1253 325 1302 laetitta
346 1255 498 1303 crudelitatem
524 1256 676 1316 torquentium
701 1255 764 1302 vicit.

97 1319 215 1367 Velocitas
232 1321 295 1385 genti
315 1321 401 1387 pernix,
424 1321 511 1382 inquies
530 1322 632 1368 animus:
659 1319 763 1381 plurimis
846 1358 856 1385 η.

97 1386 207 1433 militaret
225 1387 282 1446 equi,
300 1393 323 1433 et
338 1401 406 1442 arma,
424 1387 534 1448 sanguine
552 1386 650 1447 ipsorum
671 1385 764 1432 cariora.

98 1449 184 1498 Nullus
200 1451 224 1496 ln
243 1450 314 1498 festos
335 1449 382 1497 dies
400 1452 517 1513 epularum
538 1459 662 1514 apparatus.
695 1446 767 1509 Aqui'

97 1513 170 1563 calidi
180 1515 255 1569 lavari,
267 1523 318 1576 post
329 1516 452 1562 secundum
463 1516 546 1562 bellum
556 1516 674 1569 Punicum,
687 1530 701 1561 a
711 1513 763 1560 Ro·

98 1581 172 1628 manis
191 1577 294 1626 didicere.
326 1578 354 1626 ln
372 1579 434 1627 tantia
453 1580 585 1627 saeculorum
606 1581 669 1635 serie,
688 1578 765 1625 nullut

67 1660 72 1669 ·
97 1646 143 1693 illis
160 1645 205 1690 dux
221 1659 317 1706 magnus
337 1653 420 1707 praeter
434 1644 547 1692 Viriatum
566 1645 623 1703 fuit3
641 1644 679 1705 qui
698 1644 765 1692 aunis

98 1711 177 1757 decem
188 1709 306 1756 Romnum
317 1709 378 1756 varii
392 1709 487 1757 victorii
502 1710 620 1771 fatigavit:
639 1711 696 1758 adeo
710 1706 765 1757 feris

97 1775 209 1854 propiora,
225 1789 291 1834 quam
310 1775 441 1829 hominibus,
458 1776 549 1837 ingenia
564 1783 654 1836 gerunt
688 1773 765 1828 Quem

97 1854 180 1903 ipsum,
194 1855 239 1885 nnn
252 1839 337 1901 judicio
353 1840 427 1902 populi
446 1840 550 1894 electum,
571 1840 609 1885 sed
626 1848 652 1887 ut
671 1837 765 1885 cavendi

98 1904 215 1958 scientem,
243 1904 467 1965 declinandorumque
487 1905 636 1966 periculorum
658 1904 768 1966 peritum,

99 1969 172 2017 secuti
184 1976 244 2014 sunt.
276 1967 347 2033 Cujus
358 1984 384 2015 ea
394 1970 467 2015 virtus
478 1970 659 2030 continentiaque
669 1969 718 2024 fuit,
730 1976 764 2024 ut,

97 2048 152 2082 eum
176 2032 305 2080 consulares
320 2034 432 2080 exercitus
447 2033 576 2095 frequenter
591 2034 679 2091 vicerit,
696 2033 765 2080 tantis

98 2099 167 2146 rebus
182 2099 260 2159 gestis,
278 2112 323 2145 non
336 2113 456 2152 armorum,
471 2113 519 2144 non
533 2099 603 2145 vestis
615 2099 707 2153 cultum,
719 2112 766 2144 non

99 2163 197 2222 denique
216 2163 299 2209 victum
318 2164 454 2219 mutaverim
474 2163 514 2209 sed
532 2163 555 2208 in
572 2178 600 2210 eo
618 2164 702 2221 habitu,
720 2177 765 2223 quo

99 2227 200 2292 primum
208 2227 292 2273 bellare
302 2228 376 2289 coepit,
388 2229 577 2290 perseveraverim
595 2236 620 2274 ut
630 2228 704 2289 quivis
711 2242 765 2289 gro·

99 2291 180 2356 garius
195 2291 260 2338 miles
276 2293 325 2352 ipso
337 2293 472 2355 imperatore
486 2293 612 2355 opulentior
622 2293 741 2339 videretur.

108 2371 110 2374 ·
135 2353 186 2403 111.
205 2353 234 2402 In
253 2355 368 2403 Lusitanis
380 2359 448 2419 juxta
465 2356 559 2404 fluvium
577 2356 676 2420 Tagum,
696 2364 765 2403 vento

99 2434 174 2482 equas
197 2419 256 2467 fetus
280 2422 397 2484 concipere
420 2422 485 2468 multi
512 2430 615 2469 auctores
642 2422 766 2485 prodidere.

102 2487 166 2542 erae
183 2484 264 2532 fabulae
282 2501 311 2532 ex
330 2500 436 2547 equamm
457 2486 600 2543 fecunditate,
623 2497 647 2534 et
668 2502 765 2550 gregum

101 2549 248 2600 multitudine
269 2557 329 2597 natae
346 2559 413 2607 sunt3
435 2552 474 2612 qui
493 2553 549 2599 tanti
567 2553 590 2599 in
611 2551 722 2599 Gallaeciri
743 2558 768 2599 et

101 2613 229 2670 Lusitanid,
246 2629 273 2661 ae
294 2623 339 2662 tarn
361 2617 463 2678 pernices
481 2618 592 2671 visuotur,
611 2626 637 2664 ut
656 2633 702 2665 non
723 2618 767 2663 im·

99 2680 184 2729 merito
203 2687 273 2727 vento
297 2682 346 2745 ipso
373 2682 475 2742 concepti
502 2682 626 2730 videantur.
670 2681 766 2730 Gallaeci

98 2752 179 2797 autern
195 2745 301 2795 Graecam
320 2746 362 2795 sibi
380 2747 491 2810 originem
507 2755 625 2797 usserunt:
650 2748 766 2811 siquidem,
