1800 2942
149 162 198 209 294
281 156 418 210 JUSTINI
434 156 489 205 Lis
497 155 570 205 xlx.
589 155 684 208 Can&

149 287 210 337 terri
228 289 328 343 obruere,
351 302 365 336 a
382 303 438 352 rege
455 288 606 350 jubebantur3
628 291 733 349 petentes
750 285 817 335 simul

149 354 233 402 auxilia
246 355 354 403 adversus
365 354 487 407 Graeciam,
504 353 541 399 cui
553 353 658 399 illaturus
667 351 753 399 bellum
764 350 815 400 Da-

149 420 198 467 rius
218 425 273 467 erat
306 419 352 466 Sed
373 417 578 480 Carthaginienses,
602 417 685 464 auxilia
706 425 816 479 negantes

149 491 241 547 propter
258 483 347 531 assidua
364 481 511 530 finitimorum
529 482 595 536 bella,
614 480 709 536 ceteris,
730 496 760 527 ne
776 497 815 544 per

151 549 227 597 omnia
238 557 381 596 contumaces
390 547 527 602 viderentur,
539 546 619 608 cupide
629 542 731 607 paruere.

184 612 219 661 Il.
237 611 327 661 interea
342 612 460 660 Hamilcar
475 612 534 658 bello
549 611 660 658 Siciliensi
673 609 814 669 interficitur,

151 679 236 726 relictis
254 679 325 725 tribus
341 677 400 733 filiis,
422 675 539 731 imilcone,
562 674 686 730 Hannone,
706 676 814 723 Gisoone.

152 740 289 791 Hasdrubali
301 757 389 803 quoque
398 757 438 804 par
448 755 555 788 nummus
566 739 662 787 filiorum
678 739 728 793 luit,
747 739 814 787 Han·
896 766 897 769 =

150 807 217 862 nuel,
234 814 258 854 et
273 805 408 861 Hasdrubal,
424 813 448 853 et
464 805 562 867 Psapbo.
595 804 641 852 Per
653 805 695 851 bos
711 820 748 851 res
760 803 815 854 Car·

148 871 325 934 tbaginiensium
340 871 369 918 ed
383 876 516 933 tempestate
525 870 668 932 gerebantur.
700 867 784 930 Itaque
793 877 815 916 et

150 934 241 984 Mauris
250 936 332 982 &llum
343 936 436 990 illatum,
451 942 476 982 et
485 935 593 982 adversus
603 933 717 981 Numidas
728 949 814 997 pugna·

150 1008 207 1055 ium,
229 1007 255 1046 et
276 999 328 1046 Afri
349 999 458 1061 compulsi
479 999 615 1061 stipendium
635 999 697 1046 urbis
719 999 815 1046 condite
897 1008 898 1029 π

151 1063 376 1127 Carthaginiensibus
390 1065 513 1111 remittere.
544 1061 643 1117 Deinde,
662 1079 715 1111 cum
733 1063 816 1111 familia

105 1130 113 1140 ⁵
149 1136 215 1177 tanta
230 1131 388 1191 imperatorum
403 1129 481 1191 gravis
496 1128 572 1176 liberae
585 1128 670 1176 cimtati
681 1135 749 1183 esset,
766 1143 815 1176 orn-

150 1195 232 1257 niaque
247 1195 289 1257 ipsi
305 1202 399 1257 agerent
413 1193 481 1241 simul
496 1200 520 1240 et
531 1192 664 1254 iudicarent,
682 1201 775 1241 eentum
787 1208 815 1242 ex

149 1274 245 1308 numero
260 1267 388 1306 senatorum
399 1259 488 1320 Judices
504 1257 641 1320 deliguntur,
657 1258 703 1319 qui,
720 1259 815 1306 revenit

150 1325 233 1373 abello
244 1325 342 1379 ducibus,
357 1323 466 1370 rationem
477 1336 552 1369 rerum
562 1327 678 1383 gestarum
689 1325 815 1385 exigerent,
898 1320 899 1325 ’

150 1397 177 1437 ut
187 1390 231 1437 hoc
241 1397 303 1435 metu
313 1390 344 1435 ita
354 1389 378 1434 in
388 1387 447 1434 bello
461 1386 554 1448 imperia
567 1387 700 1454 cqgitarent,
719 1396 745 1435 ut
755 1389 815 1436 dorni

144 1454 232 1517 Judicia
250 1453 356 1516 legesque
374 1453 517 1514 respicerent.
549 1448 579 1497 In
599 1450 675 1498 Sicilii
693 1453 718 1498 in
739 1453 815 1501 locum

151 1518 290 1566 Hamilcaris
300 1519 422 1580 imperator
434 1515 515 1562 Imilco
530 1517 644 1573 succedit3
660 1517 699 1578 qui
711 1533 765 1564 cum
776 1534 815 1566 na·

150 1586 196 1632 vali
210 1583 353 1643 terrestrique
367 1582 426 1629 bello
441 1580 539 1628 secunda
549 1580 738 1641 proeliafeeisset,
755 1583 815 1631 mul·

150 1657 230 1710 tasque
246 1649 348 1694 civitates
363 1647 467 1709 cepisset,
483 1652 576 1708 repente
592 1645 719 1708 pestilentis
737 1648 815 1696 sideris

150 1715 175 1760 vi
192 1714 315 1759 exercitum
331 1711 413 1759 amisit.
445 1709 506 1765 Quae
523 1724 560 1757 res
574 1725 625 1757 cum
643 1712 748 1759 nuntiata
758 1710 815 1761 Car·

150 1777 243 1839 thagine
256 1783 323 1829 esset,
339 1782 422 1822 moesta
434 1775 514 1822 civitas
523 1774 580 1823 fuit:
599 1775 676 1822 omnia
686 1775 814 1831 ululatibus,

150 1857 197 1890 non
208 1854 273 1888 secus
286 1841 345 1886 acsi
359 1841 412 1886 urbs
425 1840 474 1902 ipsa
488 1847 553 1902 capta
567 1848 635 1894 esset,
649 1843 813 1902 personabant:

149 1908 233 1955 cause
242 1905 336 1967 privatae
347 1904 433 1959 domus,
444 1906 521 1952 clausa
530 1903 635 1952 Deorum
646 1905 737 1967 templa,
745 1908 815 1954 inter·

149 1973 220 2021 missa
233 1970 308 2017 omnia
326 1983 396 2023 sacra,
415 1971 493 2017 omnia
508 1969 595 2032 privata
612 1969 687 2016 officia
702 1963 815 2018 damma

150 2035 234 2087 Cuncti
250 2035 330 2083 deinde
345 2035 374 2082 ad
390 2044 481 2095 portum
500 2041 674 2097 congregantur,
694 2035 814 2097 egredien.

149 2112 229 2164 tesque
241 2116 325 2163 paucos
339 2115 352 2147 e
368 2099 469 2154 navibus,
485 2100 524 2159 qui
537 2098 770 2160 cladi‘supersuerant,
788 2099 815 2149 de

150 2168 197 2216 suis
215 2172 380 2229 percontantur.
414 2163 449 2211 Ut
468 2179 529 2218 vero,
552 2159 617 2209 dubia
634 2171 701 2211 antea
721 2180 769 2228 spe,
792 2170 814 2212 et

150 2246 260 2294 suspenso
270 2238 338 2284 metu,
354 2226 440 2275 incerti
450 2227 550 2276 orbitatis
562 2229 738 2288 exspectatione,
749 2244 814 2277 carus

150 2310 242 2344 suorum
255 2295 343 2341 miseris
353 2292 430 2347 eluxit,
448 2300 503 2339 tunc
516 2299 566 2339 toto
579 2292 645 2339 litore
657 2291 813 2356 pimrgentium

148 2360 255 2423 gemitus,
270 2367 323 2405 tunc
334 2356 456 2405 infelicium
466 2363 564 2404 matrum
574 2357 678 2414 ululatus,
696 2365 720 2405 et
730 2357 814 2406 flebiles

148 2423 247 2487 querelae
257 2423 408 2470 audiebantur.

144 2548 146 2551 v
182 2484 232 2534 111.
248 2484 312 2532 Inter
323 2486 371 2534 baec
382 2486 482 2549 procedit
492 2486 557 2549 inops
568 2503 582 2534 e
594 2486 645 2534 uari
660 2483 701 2533 sui
715 2486 811 2550 impera·

145 2564 193 2615 tor,
212 2548 302 2599 sordidd
316 2551 436 2613 servilique
451 2549 534 2606 turici,
551 2551 672 2600 discinctus
677 2568 686 2610 ;
704 2552 734 2598 ad
751 2553 812 2615 cujus

144 2621 292 2679 conspectum
311 2615 464 2679 plangentium
486 2617 577 2680 agmina
590 2617 728 2678 junguntur.
761 2616 812 2679 Ipse

144 2679 570 2749 guoque,mauusadcoelumtendens,
579 2688 811 2745 uuucsortemsuam,
