1800 2942
157 149 193 195 ao
400 143 586 219 contrua
713 144 827 197 crass

155 290 233 324 nors.¹
251 275 331 324 Homo
341 276 451 332 militaris,
466 277 528 339 quod
543 276 639 338 amplius
649 291 721 324 anuos
730 276 828 339 trtgtua

124 364 127 371 ·
140 340 143 354 ⁴
158 342 267 398 tribunus,
279 348 318 388 aut
327 341 455 404 prefectus,
472 351 511 389 sut
521 343 617 403 legatus,
628 349 667 388 sut
677 348 762 404 prsetor
771 356 826 388 cum

155 405 827 530 sititiiitisiiitfflfflffi

155 536 299 585 uoenuebct

161 628 165 631 ·
191 598 248 646 LX.
266 600 311 648 Sed
323 600 366 657 ubi,
383 601 449 648 rebus
460 598 702 662 omnibuserplorstis,
720 598 828 647 Petreius

158 663 213 711 tuos
229 665 320 726 signum
335 666 388 723 dat;
405 666 505 712 cohortis
515 664 623 726 paulatim
634 665 737 711 incedere
742 665 825 726 jubet:

156 729 219 776 idem
228 728 283 776 fucit
293 730 392 777 hostium
404 731 524 777 exercitus.
547 728 672 790 Postquam
683 745 712 775 eo
721 736 827 789 ventum,

158 794 219 841 unde
241 809 254 841 s
268 794 395 842 ferentariis
410 794 515 857 proeliurn
526 794 637 841 committi
647 800 732 856 posset,
742 809 828 842 maxu-

157 873 198 905 uno
205 859 368 917 elamore,ourn
376 858 465 906 infestis
471 860 543 920 signia
549 859 750 921 concurrunt3pila
757 860 828 905 omit·

157 929 229 982 tuut3-
240 924 322 987 gladiis
334 939 370 972 res
379 925 473 987 geritur.
495 922 611 980 Veterani,
623 924 724 985 pristine
735 924 829 972 virtutis

157 1000 277 1045 memores,
287 990 416 1036 comminus
426 989 507 1036 acriter
517 989 617 1045 instare3
639 988 671 1034 illi
682 987 742 1034 haud
752 988 830 1037 timidi

159 1054 282 1101 resistunt:
292 1052 400 1101 maxumi
409 1055 432 1100 ri
443 1060 548 1100 certatur.
564 1050 655 1100 Interes
663 1050 763 1100 Catilina
773 1068 830 1101 cum

158 1118 270 1180 expeditis
279 1120 303 1166 in
314 1117 386 1181 primi
396 1118 444 1166 soie
454 1118 545 1173 versari,
563 1117 714 1164 laborantibus
732 1133 830 1165 succus.-

158 1197 217 1238 ποτε,
227 1184 328 1246 integros
334 1199 376 1246 pro
384 1182 466 1231 sauciis
472 1197 597 1230 arcessere:
609 1182 826 1244 omniaprovideres

139 1248 255 1295 -snultum
276 1250 325 1311 ipae
343 1263 453 1310 pugnare,
468 1264 530 1310 saepe
540 1249 628 1294 hostem
638 1246 719 1294 ferire:
739 1248 831 1296 strenui

156 1312 244 1369 militis,
254 1320 279 1362 et
288 1314 341 1361 boni
352 1314 492 1375 imperatoris
498 1313 571 1359 officia
581 1312 648 1358 simul
655 1313 829 1372 exsequebatur.

156 1377 272 1435 Petreius,
288 1379 325 1426 ubi
336 1377 398 1425 videt
408 1376 530 1427 Catilium
540 1384 626 1435 contra,
648 1391 675 1424 sc
690 1385 754 1424 ratos
770 1385 829 1436 erat,

156 1441 244 1506 *magni
260 1444 284 1490 vi
302 1444 407 1501 tendere;
424 1444 540 1490 cohortem
555 1443 683 1505 praetoriam
700 1443 724 1489 iu
739 1444 830 1495 medios

156 1509 232 1556 hostis
247 1509 349 1565 inducit;
365 1523 405 1554 eos
420 1509 569 1570 perturbatos,
583 1515 651 1567 atque
661 1507 718 1553 alios
728 1507 780 1554 olibi
792 1525 830 1557 re·

156 1574 271 1628 sistentes,
293 1571 413 1619 interficit:
433 1573 513 1619 ddnde
534 1572 646 1632 utrimque
667 1586 696 1618 ex
717 1572 830 1622 lateribus

154 1638 298 1700 aggreditur.
330 1637 432 1684 Manlius
447 1644 471 1683 et
488 1636 621 1684 Faesulanus
636 1638 660 1682 iu
675 1637 754 1698 primis
764 1653 829 1701 pug-

157 1708 241 1751 nantes
257 1703 347 1749 cadunt.
378 1701 502 1763 Postquam
513 1692 667 1763 fusaso'opiss,
687 1716 757 1762 seque
774 1718 830 1752 cum

158 1767 236 1831 psucis
247 1767 349 1813 relictum
365 1767 427 1814 videt
439 1765 543 1819 Catilina,
561 1781 649 1812 memor
659 1766 749 1827 generis
759 1774 831 1828 atque

156 1832 261 1893 pristinae
275 1831 397 1894 diguitatis,
414 1832 438 1877 in
448 1830 632 1878 confertissumos
642 1831 714 1877 hostis
724 1831 831 1891 incurrit,

155 1896 234 1958 ibique
308 1911 349 1943 ans
357 1895 492 1944 confoditur.

193 1960 263 2009 Lx.
280 1961 332 2016 Sed,
349 1959 453 2008 consecto
468 1960 556 2022 proeiio,
573 1966 626 2006 «tum
642 1975 698 2006 vero
713 1976 830 2020 cerneres,

158 2033 244 2088 qusnta
253 2026 344 2073 audacis
351 2033 478 2086 quantaque
485 2024 553 2070 animi
562 2025 597 2071 vis
607 2023 687 2071 suisset
693 2025 717 2070 in
725 2029 830 2076 exercitu

159 2090 274 2141 Catilinae.
298 2090 360 2137 Nam
368 2090 424 2145 fere,
435 2104 501 2150 quem
513 2089 607 2150 quisque
616 2089 739 2151 pugnando
749 2090 829 2140 locum

158 2163 255 2219 ceperat,
266 2170 325 2211 eum,
336 2153 418 2203 omissi
428 2151 510 2207 animi,
521 2168 614 2214 corpore
625 2155 721 2215 tegebat
756 2154 831 2205 Pauci

158 2229 242 2274 autern,
260 2235 316 2282 quos
327 2220 408 2266 cohors
417 2219 524 2280 prsetorin
533 2219 656 2281 disjecerat,
673 2219 740 2280 paulo
750 2220 830 2269 diver·

155 2287 216 2343 sius,
231 2287 271 2332 sed
287 2299 369 2331 omnes
381 2291 458 2331 tamen
469 2284 571 2330 advorsis
581 2284 709 2330 volneribus
720 2287 830 2334 concide·

158 2358 218 2400 rant
251 2349 350 2397 Catilina
360 2364 414 2395 vero
424 2349 495 2410 louge
510 2363 524 2394 a
536 2348 590 2402 suis,
606 2348 665 2395 inter
676 2349 776 2395 hostium
787 2366 830 2398 ca.-

158 2417 248 2469 davera,
259 2424 360 2475 repertus
371 2420 412 2467 est,
428 2412 543 2475 paululum
554 2413 621 2459 etism
633 2413 727 2474 spirans,
743 2413 829 2462 feroci·

97 2518 101 2525 ,
159 2495 241 2541 umque
251 2478 327 2531 smmi,
338 2492 405 2538 quam
413 2478 520 2525 babuerat
527 2478 600 2532 vivus
611 2479 635 2524 in
647 2477 710 2525 voitu
718 2479 831 2528 retinens.

156 2544 287 2597 Postremo,
303 2557 333 2589 ex
349 2543 411 2589 omni
421 2540 486 2605 copiti
496 2557 570 2603 neque
585 2544 608 2589 iu
624 2543 705 2605 proeiio
716 2546 829 2605 usquein

154 2608 215 2673 fugi
235 2608 352 2670 quisquam
367 2608 423 2655 ciris
443 2609 558 2670 ingenuus
573 2615 659 2671 captus.
691 2605 729 2656 Its
747 2613 827 2658 cuncti

157 2690 206 2724 sue
221 2674 365 2738 hostiumque
380 2674 436 2736 yitae
453 2675 522 2738 justa
541 2679 707 2737 perpercerant·
739 2672 827 2741 Neque
