1800 2942
215 151 219 161 .
254 114 392 167 JUSTINI
408 114 462 164 Lus
473 114 508 163 11.
524 114 584 166 Cur.
595 119 619 166 7.
721 73 784 166 165·x

95 255 122 295 et
139 246 215 295 ciuilis
232 247 287 295 ordo
306 248 435 309 discipline,
446 247 518 295 veluti
532 246 647 309 templum,
665 245 769 294 Athenas

93 312 189 359 habent.
221 311 284 359 Ante
295 311 445 359 Deucalionis
460 319 566 374 temporo,
584 326 661 374 regem
672 310 769 359 habuere

94 374 227 439 Cecropem
236 394 244 435 3
262 392 328 439 quem
345 378 383 441 (ut
393 377 467 424 omnis
478 377 599 437 antiquitas
609 377 710 423 fabuosa
721 374 768 437 est)

93 441 218 489 biformem
241 440 365 499 undidem
391 442 444 502 quin
464 443 550 504 primus
570 457 655 488 murem
677 441 769 489 feminae

94 506 244 554 matrimonio
256 507 342 569 junxit.
374 505 438 553 Huic
453 508 562 553 successit
579 506 688 561 Craniius,
704 506 769 568 qu'ue

95 571 144 619 filio
155 571 235 618 Atthis
246 572 333 633 regioni
344 586 427 619 nomen
438 571 505 618 dedit.
523 571 581 620 Post
592 573 651 618 hunc
658 572 770 633 Amphic-

95 643 156 697 tyon
171 637 290 699 regnavit3
308 637 346 697 qui
364 638 449 698 primus
467 636 582 684 Minervae
598 638 675 683 urbem
693 650 768 683 escre-

95 701 138 756 vit,
150 708 175 749 et
186 716 269 748 nornen
286 702 371 748 civitati
390 702 493 749 Athenas
512 702 580 749 dedit.
613 701 690 765 Hujus
708 709 767 748 tem·

95 766 196 829 ponhus,
208 781 316 827 uquarum
326 766 414 813 illuvies
422 769 530 829 majorem
540 774 626 829 purtem
634 767 769 829 populorum
782 818 785 823 ,

97 832 200 879 Grseciae
211 832 326 878 absumsit
359 831 528 893 superfuerunt,
539 847 596 893 quos
607 832 694 895 refugio
701 847 768 878 mon·

97 897 156 943 tium
175 903 322 958 receperunt3
341 905 379 944 cut
398 897 521 960 ad‘regem
532 896 658 944 Thessaliae
674 897 768 944 Deuca·

96 960 185 1008 lionern
199 962 283 1008 ratibus
298 962 370 1008 evecti
385 968 451 1009 suntz
471 977 545 1023 aquo
561 970 679 1024 propterea
693 976 769 1025 genus

96 1026 217 1073 hominum
225 1026 340 1073 conditum
351 1027 439 1073 dicitur.
466 1026 511 1073 Per
522 1028 621 1075 ordinem
629 1028 768 1075 deindesuc·

97 1092 216 1146 cessionis,
228 1106 323 1153 regnum
333 1092 360 1138 sd
372 1091 525 1139 Erechtheum
535 1093 656 1152 descendit,
670 1094 711 1139 sub
721 1107 768 1154 quo

95 1155 207 1203 frumenti
224 1157 281 1203 sntio
299 1156 358 1219 spud
372 1155 481 1203 Eleusina
497 1155 662 1218 aTriptoletno
681 1164 769 1219 reperta

96 1228 147 1269 ests
166 1222 191 1267 in
203 1221 266 1282 cujus
277 1222 376 1269 muneris
384 1222 500 1275 honorem,
512 1230 591 1267 noctes
598 1219 718 1268 Initiorum
729 1236 766 1268 ss·

96 1294 175 1334 crntae.
206 1285 292 1334 Tenuit
311 1294 334 1334 et
355 1285 453 1348 AEgeus,
475 1284 559 1333 'stesei
577 1293 647 1347 pater,
671 1287 782 1344 Athenis,

96 1366 195 1414 regnum
204 1369 211 1398 t
227 1366 241 1397 a
251 1366 295 1412 quo
304 1366 345 1414 per
355 1351 476 1397 divortium
487 1351 597 1397 decedens
605 1350 689 1399 Medea
700 1366 767 1413 prop-

97 1422 134 1464 ter
151 1416 250 1463 adultum
269 1417 367 1482 privigni
386 1423 484 1470 oetatem,
500 1413 600 1464 Colchos
617 1431 669 1462 cum
688 1416 769 1464 Medio

96 1480 144 1528 ulio
163 1496 194 1528 ex
210 1480 288 1543 AEgeo
307 1489 412 1542 suscepto
432 1482 551 1528 concessit.
587 1480 644 1527 Post
665 1480 767 1543 AEgeum

96 1545 208 1602 Theseus,
220 1561 246 1593 nc
258 1547 362 1609 deinceps
373 1545 460 1594 Thesei.
475 1546 534 1592 filius
553 1545 713 1606 Demophoon,
729 1546 768 1608 qui
780 1606 784 1610 ,

97 1611 207 1659 auxilium
226 1612 315 1659 Graecis
332 1613 439 1658 adversus
459 1610 570 1673 Trojitnos
592 1612 649 1667 tulit,
670 1626 768 1673 regnum

96 1676 204 1740 possedit.
244 1676 319 1724 Erant
340 1678 399 1723 inter
413 1676 574 1742 ¹Athenienses
596 1684 620 1723 et
642 1676 768 1723 Dorienses

96 1742 239 1790 simultatum
256 1749 343 1788 veteres
362 1741 470 1797 offensae;
488 1757 543 1802 quus
554 1742 693 1790 uindicatum
710 1742 768 1789 hello

97 1806 233 1860 Dorienses,
253 1806 282 1851 de
303 1814 386 1854 eventu
413 1806 466 1853 belli
488 1808 578 1855 oracula
599 1809 768 1856 consuluerunt.

97 1871 244 1934 Responsum
262 1871 410 1933 “superiores
428 1873 483 1927 fore,
503 1874 527 1919 ni
544 1890 621 1936 regem
639 1873 767 1920 Athenien·
819 1901 825 1913 ,

98 1938 157 1984 sium
177 1935 334 1984 occidissent.”
369 1934 429 1985 Cum
448 1946 542 1985 ventum
561 1947 621 1985 esset
637 1938 661 1984 in
676 1937 767 1993 bellum,

97 2001 661 2065 militihusnnteomniscustodiaregispraecipitur.
693 2003 768 2065 Athe7

98 2066 213 2114 niensibus
229 2081 256 2112 eo
275 2074 375 2129 tempore
386 2082 426 2113 rex
442 2066 532 2115 Codrus
547 2076 611 2124 ernt;
629 2068 674 2127 qui,
693 2074 716 2113 et
730 2083 767 2114 re·

98 2129 183 2193 sponso
195 2130 242 2177 Dei
253 2138 277 2177 et
286 2133 405 2192 praeceptis
415 2133 513 2180 hostium
524 2133 629 2193 cognitis,
640 2140 767 2193 permutato

97 2196 159 2258 regis
169 2196 253 2248 habitu,
264 2210 385 2257 pannosus,
397 2206 509 2260 sarmenta
525 2197 584 2244 collo
594 2212 683 2259 gerens,
695 2206 769 2245 castra

97 2261 197 2308 hostium
208 2261 345 2322 ingreditur:
364 2262 394 2308 ibi
405 2262 428 2307 in
440 2260 506 2308 turbt
521 2262 683 2317 obsistentium,
699 2264 767 2310 ami·

99 2327 144 2384 lite,
168 2340 235 2386 quem
249 2324 307 2372 saloe
329 2332 379 2372 astu
398 2326 606 2382 convulneraverut,
628 2326 770 2374 interficitur.
846 2325 848 2329 ’

100 2388 202 2452 Cognito
212 2392 274 2453 regis
284 2406 383 2452 corpore,
400 2389 527 2437 Dorienses
543 2392 591 2438 sine
601 2392 680 2454 proelio
695 2393 768 2439 disce·
782 2444 785 2447 ,

99 2456 163 2503 dunt.
195 2454 274 2516 Atque
288 2456 319 2503 its
329 2456 487 2510 Athenienses,
498 2456 582 2504 virtute
592 2459 662 2511 ducis,
679 2473 719 2518 pro
732 2471 768 2505 su·

99 2521 147 2568 lute
157 2521 237 2583 potriae
247 2522 314 2568 morti
325 2536 350 2568 se
361 2520 482 2576 offerentis,
493 2522 552 2569 bello
562 2522 690 2569 liberantur.
784 2563 786 2566 ,

129 2583 193 2649 vn.
201 2583 267 2646 ¹Post
278 2584 379 2634 Codrum
390 2600 458 2632 nemo
469 2585 567 2634 Athenis
575 2587 693 2648 regnavitt
707 2584 767 2644 quod

100 2651 217 2703 nemone
231 2651 329 2700 nominis
343 2651 392 2715 ejus
402 2651 510 2700 tributum
521 2659 563 2701 est.
595 2647 769 2698 Administratio
