1800 2942
156 181 190 226 90
397 173 598 226 JUGURTHA.
718 175 831 233 Cum·

156 306 205 370 peri
216 303 309 354 mures
327 319 424 366 quorum
434 320 546 370 proxuma
560 313 629 355 tense
644 308 738 369 prteeits
755 319 828 370 sumu

157 378 247 426 netem,
259 372 293 419 uti
303 369 350 417 sors
358 372 415 424 tulit.
427 372 486 430 ultu3
504 371 576 420 eliiin
584 380 716 434 tempestate
725 376 827 424 vsdosur

157 453 219 495 nem,
231 437 268 484 ubi
278 451 341 482 mere
350 452 458 499 magnum
471 452 526 492 esse,
538 446 561 484 et
572 438 652 484 saevire
663 439 738 486 ventis
748 442 829 504 erepit,

157 503 236 549 limum
256 516 391 562 arenamque
404 509 428 548 et
447 516 501 549 snxs
510 502 611 564 ingentia
622 500 704 549 fluetus
714 505 826 553 trahunt:

157 568 191 615 ite
200 567 270 614 sneies
284 566 385 613 locorum
396 582 448 613 eum
459 568 534 614 ventis
545 566 612 613 simul
627 575 734 615 mutetur.
766 569 829 634 Ejus
892 576 893 583 ’

159 631 340 694 civitatislingun
347 631 415 679 modo
422 647 534 679 convorsa
542 631 653 679 connubio
659 630 828 682 Numidarume

158 696 230 759 leges,
241 697 364 758 cultusque,
382 696 487 758 pleraque
502 697 621 754 Sidoninu3
638 711 689 758 qute
700 712 728 744 ee
738 697 831 748 ieeiiius

159 763 290 815 retinebunt,
301 761 362 823 quod
371 761 449 823 procul
460 763 487 808 ub
497 761 590 823 imperio
601 762 662 824 regis
672 767 764 810 aetntem
772 778 831 827 nge·

158 827 219 874 brut.
253 825 385 873 interillos
406 833 431 873 et
448 826 588 888 frequentem
607 825 739 875 Numidiam
761 830 832 879 multi

160 893 262 953 vestique
272 891 316 937 ioci
326 898 398 937 erant.

193 954 315 1003 LXXIX.
333 955 379 1002 Sed
389 957 496 1018 quonism
510 957 533 1002 in
547 956 589 1004 has
598 955 703 1020 regiones
712 972 754 1020 per
764 957 834 1023 Lep-

159 1022 282 1069 titunorum
303 1022 395 1082 negotis
409 1022 521 1075 venimus,
540 1036 587 1068 nun
605 1022 723 1084 indignum
738 1024 833 1073 videtur

105 1146 108 1151 ⁶
162 1086 280 1148 egregium
291 1092 358 1145 atque
375 1086 475 1134 mirabile
491 1087 578 1133 fucinus
597 1086 692 1134 duorum
704 1084 834 1152 Csrthugi-

161 1151 274 1198 niensium
298 1164 436 1198 memorare:
466 1166 516 1198 enm
541 1167 589 1198 rem
613 1152 678 1199 loeus
702 1151 832 1204 admonuit.

163 1213 357 1278 Qnitempestete
363 1213 833 1279 CerthnginiensespleraequeAfriensim-

162 1282 293 1345 peritebeut.
306 1278 450 1341 Cyrenenses
461 1297 550 1343 quoque
561 1283 638 1344 mngni
651 1290 718 1344 etque
732 1283 837 1344 opulen-'

163 1348 181 1394 ti
191 1343 262 1393 suere.
278 1346 342 1409 Ager
352 1348 377 1393 in
388 1346 462 1392 medio
472 1361 586 1402 arenosus,
598 1345 643 1393 uni
653 1346 726 1409 speeie
736 1362 742 1391 ε
754 1363 833 1410 neque

163 1411 256 1468 flumen,
267 1400 346 1473 neque'
351 1416 479 1468 monuerat,
488 1412 525 1473 qui
532 1410 583 1458 iinis
590 1427 668 1459 eorum
675 1412 832 1472 discerneretg

163 1492 216 1539 quae
227 1493 263 1525 res
274 1493 314 1524 eos
324 1478 349 1523 in
359 1492 443 1539 magno
454 1476 559 1525 diuturno
570 1477 629 1524 bello
640 1478 697 1523 inter
709 1492 733 1524 se
744 1478 832 1528 hebuit.
893 1506 894 1513 κ

164 1543 289 1604 Postquam
299 1543 412 1603 utrimque
425 1542 534 1603 legiones,
552 1543 606 1589 item
617 1543 705 1597 einsses,
722 1542 782 1589 fusae
791 1542 835 1590 fu·

164 1615 279 1670 gensque,
300 1615 325 1654 et
343 1608 407 1654 alteri
426 1607 509 1653 niteres
525 1607 662 1669 aliquantum
679 1607 832 1666 attrivemntg

163 1673 236 1726 veriti,
256 1687 286 1719 ne
300 1686 356 1718 mox
368 1673 441 1718 victos
456 1672 705 1734 victoresquedeiessos
716 1672 773 1720 nlius
788 1687 837 1736 ng·-

164 1736 304 1800 grerieretur,
311 1751 351 1798 per
359 1737 461 1784 induciae
471 1737 614 1798 sponsionem
624 1736 715 1792 feriunt,
727 1736 759 1784 uti
768 1748 836 1786 eertn

165 1801 202 1848 die
211 1799 280 1862 legati
291 1800 359 1846 domo
369 1801 579 1863 proficiscerentnr3
595 1818 640 1864 quo
658 1803 683 1848 iu
699 1802 751 1849 loeo
771 1804 834 1851 inter

165 1881 192 1913 se
204 1865 265 1912 obvii
274 1863 376 1920 inissent,
393 1866 414 1911 is
432 1868 559 1914 communis
569 1868 684 1928 utriusque
694 1868 770 1929 populi
780 1866 836 1915 finis

165 1931 291 1978 haberetur.
335 1927 411 1992 Igitur
433 1929 573 1994 Carthagine
592 1932 639 1978 duo
658 1930 738 1978 fratres
760 1932 834 1988 missi,

182 1996 247 2043 uibus
253 2009 336 2042 nomen
343 1993 453 2042 Phiiaenis
461 2003 515 2052 erat,
524 1994 663 2044 maturavere
669 1996 713 2044 iter
717 2011 815 2058 pergere
823 2014 831 2044 s

166 2011 312 2122 brunenses
320 2060 406 2107 tardius
416 2058 469 2108 iere.
511 2059 538 2107 Id
550 2059 678 2109 seeordiine
688 2075 716 2107 nn
728 2076 782 2108 essu
794 2077 835 2108 ne·

167 2126 253 2182 eiden't,
263 2141 341 2188 purum
352 2127 459 2188 cognovi.
492 2123 606 2174 Caeterum
618 2126 675 2174 solet
685 2127 709 2172 in
719 2122 765 2172 iliis
776 2125 835 2173 iocis

167 2198 290 2252 tempestus
300 2191 359 2238 haud
370 2206 441 2246 secus,
453 2198 521 2252 etque
530 2193 554 2237 in
565 2192 627 2247 muri,
642 2192 752 2237 retinere:
772 2206 835 2248 nem,

167 2256 205 2304 ubi
220 2271 260 2316 per
277 2255 329 2302 locs
338 2256 433 2317 aequaiia
443 2264 467 2303 et
477 2257 537 2303 nuda
546 2256 688 2318 gignentium
700 2261 783 2303 ventus
794 2272 835 2304 eo·

168 2329 232 2367 ortus
242 2335 332 2367 erenum
343 2320 413 2367 humo
423 2321 537 2375 excitavit,
556 2335 583 2368 en
599 2319 681 2383 magni
699 2321 722 2367 vi
742 2321 836 2383 agitata,

169 2399 209 2432 nm
224 2385 346 2446 oculosque
354 2386 446 2448 implere
458 2386 530 2443 solet;
547 2387 578 2432 itn
588 2393 706 2448 prospectu
717 2386 842 2447 impedito„

168 2449 311 2497 munirer.
344 2449 468 2512 Postquam
480 2449 624 2511 Cyrenenses
634 2451 746 2511 aliquanto
758 2459 837 2512 poste·

169 2514 240 2561 riores
258 2529 283 2561 se
299 2515 383 2569 vident,
401 2524 424 2561 et
441 2517 529 2562 obrem
546 2521 673 2577 corruptum
684 2514 744 2561 domi
755 2530 838 2577 poenns

169 2586 289 2635 metuunt;
314 2580 432 2633 criminari,
456 2577 654 2643 Carthaginienses
675 2587 727 2626 ante
746 2587 838 2643 tempus

170 2644 239 2692 domo
254 2645 532 2707 digmws3.e0nturbnre
554 2661 616 2692 rem:
646 2644 741 2706 denique
760 2646 838 2692 omnin

170 2710 243 2769 melle.
262 2726 330 2775 quem
340 2711 393 2759 vieti
404 2710 472 2759 abire
505 2710 551 2758 Sed
562 2725 613 2759 curn
625 2708 693 2761 Poeni
702 2710 770 2758 aliem
782 2725 839 2758 con-
