1800 2942
139 114 185 157 118
363 109 570 160 JUGURTHA.‘
682 108 809 159 Oualoi.

138 240 226 297 tendit3
244 241 288 301 qui,
301 248 385 288 temere
395 246 424 289 'et
438 241 509 288 effuse
524 239 618 294 euntea'
631 240 701 287 Sullae
712 241 808 301 aliisque

139 306 243 352 omnibus
260 314 284 351 et
299 321 417 352 numerum
436 307 566 368 ampliorem
586 321 647 358 vero,
665 311 688 350 et
700 303 808 352 hostilem

139 379 225 419 metum
242 370 374 417 efficiebant
409 369 484 432 Igitur
505 386 555 417 sese
576 371 670 431 quisque
691 370 807 431 expedire,

139 449 201 481 arma
211 444 279 495 atque
290 436 334 482 tela
345 443 438 489 tentare,
447 435 577 482 intendere:
596 438 664 480 timor
670 435 809 494 aliquantus,

138 500 178 546 sed
190 515 241 561 spes
252 501 352 561 amplior,
364 502 445 562 quippe
456 501 584 555 victoribus,
600 507 623 545 et
634 500 756 545 advorsum
768 514 808 545 eos

137 579 195 624 quos
217 580 277 625 saepe
298 567 405 612 vicerant.
437 564 532 611 Interim
552 566 650 625 equites,
665 564 807 625 exploratum

137 630 254 691 praemissi,
267 645 321 684 rem,
333 632 365 676 uti
376 637 430 683 erat,
442 631 539 691 quietam
551 630 663 675 nuntiant.

172 692 240 741 cvl.
255 690 334 740 Volux
344 696 466 741 adveniens
480 703 615 755 quaestorem
627 692 738 755 appellat·
759 709 809 741 sea

137 766 200 820 patre
211 758 304 805 Boccho
315 761 404 805 obviam
414 760 460 805 illis
470 758 543 813 simul,
555 767 578 804 et
588 758 692 821 praesidio
703 759 807 805 misstma.

139 822 231 870 Deinde
242 839 293 869 eum
305 833 328 869 et
335 839 473 884 proxumum
488 824 576 869 diem
559 838 608 869 srne
618 830 680 869 metu
692 824 808 886 conjuncti

138 898 200 934 eunt.
235 886 298 940 Post,
318 891 354 934 ubi
374 896 447 935 castra
465 889 544 943 locata,
564 896 588 934 et
603 889 639 934 die
654 903 736 949 vesper
753 896 808 943 erat,

139 948 231 1013 repente
251 952 368 998 Maurus'
363 963 449 999 mcerto
465 953 529 999 voltu
546 953 574 999 ad
592 952 677 998 Sullam
689 953 805 998 accurrit·

140 1017 181 1063 sibl
203 1031 232 1062 ex
250 1018 425 1076 speculatoribus
444 1018 568 1094 cognitum,
591 1016 729 1078 Jugurtbam
749 1017 808 1064 baud

139 1082 219 1143 procul
238 1083 328 1127 abesse:
348 1082 421 1134 simul,
441 1083 474 1128 uti
492 1090 561 1128 noctu
572 1081 629 1128 clam
640 1096 718 1127 seeum
729 1081 807 1143 profu·

140 1154 212 1208 geret,
223 1155 290 1207 rogat
300 1154 367 1206 atque
377 1148 486 1192 hortatur.
511 1145 553 1193 Ille
560 1148 639 1193 'animo
649 1145 720 1192 feroci
731 1154 807 1208 negat,

141 1225 166 1258 se
176 1212 244 1258 toties
254 1211 329 1258 lusum
339 1211 461 1258 Numidam
472 1213 643 1273 pertimescere:
663 1212 744 1257 virtuti
754 1227 807 1258 suo·

141 1291 191 1323 rum
213 1278 268 1323 tatis
286 1277 391 1323 credere:
411 1278 479 1323 etiam
502 1277 519 1322 si
542 1285 604 1323 certa
623 1276 808 1338 pestisradesset,

140 1356 270 1388 mansurum
293 1343 374 1404 potius,
396 1357 463 1402 quam
487 1341 598 1405 (proditis,
621 1357 677 1401 quos
699 1338 806 1401 ducebat)

73 1430 76 1437 ·
140 1408 200 1470 turpi
210 1407 266 1469 lugd
276 1408 369 1455 incertae
380 1423 406 1453 ac
416 1407 510 1453 forsitan
528 1415 579 1468 post
594 1407 661 1467 paulo
677 1407 757 1452 morbo
772 1407 807 1451 in-

140 1473 241 1519 teriturae
252 1474 306 1520 vitae
316 1481 424 1535 parceret.
448 1470 563 1520 Caeterum
575 1471 688 1518 abeodem
700 1471 808 1528 monitus,

141 1539 175 1601 uti
182 1548 250 1585 noctu
260 1537 460 1600 proficiscerentur,
469 1537 587 1583 consilium
598 1537 705 1597 approbat
711 1553 719 1593 ;
727 1551 754 1582 ac
762 1543 808 1582 sta·

141 1603 182 1656 tim
204 1605 287 1650 milites
306 1610 408 1649 coenatos
429 1618 495 1659 esse;
518 1603 542 1648 iu
563 1602 642 1648 castris
658 1601 720 1662 ignis
742 1615 808 1661 quam

140 1668 294 1714 creberrumos
305 1666 359 1720 lieri,
377 1668 429 1714 dein
444 1665 517 1729 primi
532 1663 610 1728 vigilii
626 1666 715 1712 silentio
732 1664 809 1726 egredi

136 1733 208 1796 jubet.
232 1730 329 1791 Jamque
339 1740 450 1778 noctumo
460 1733 541 1778 itinere
550 1731 615 1777 fessis
623 1731 734 1786 omnibus,
747 1731 810 1777 Sulla

166 1798 285 1842 'riter'cum
298 1804 349 1842 ortu
361 1798 414 1843 solis
425 1797 639 1849 castrametabatur,
658 1810 710 1842 cum
722 1796 809 1856 equites

141 1812 220 1908 fflauri
242 1861 352 1915 nuntiant,
372 1860 510 1923 Jugurtharn
525 1861 613 1907 circiter
629 1861 699 1906 dudm
715 1861 811 1907 millium

141 1925 260 1973 intervallo
277 1934 330 1972 ante
340 1927 481 1973 consedisse:
501 1927 561 1986 quod
571 1933 690 1987 postquam
701 1926 810 1979 auditum,

142 1999 190 2039 tum
199 2006 253 2037 vero
264 1992 345 2053 ingens
355 1998 429 2037 metus
440 1998 530 2037 nostros
539 1991 638 2037 invadit:
658 1991 750 2036 credere
757 2006 810 2052 pro·

143 2056 202 2102 ditos
217 2072 231 2103 a
245 2055 337 2110 Voluce,
356 2064 380 2102 et
389 2056 477 2102 insidiis
486 2057 660 2109 circumventos.
692 2055 729 2101 Ac
740 2053 812 2109 fuere,

144 2122 183 2182 qui
199 2122 305 2174 dicerent,
322 2137 390 2167 manu
400 2121 573 2174 vindicandum,
589 2135 662 2181 neque
677 2119 737 2180 apud
748 2120 811 2167 illum
857 2166 860 2171 ,

144 2195 231 2234 tanturn
243 2187 316 2235 scelus
326 2187 422 2233 inultum
433 2186 611 2246 relinquendum.

179 2251 258 2301 CVIl.
275 2253 308 2299 At
331 2252 400 2307 Sulla,
419 2262 554 2313 quamquam
570 2250 648 2297 eadem
670 2228 812 2304 aestumabat,

145 2324 220 2363 tamen
238 2319 286 2363 ab
281 2317 361 2380 injuriis
372 2318 481 2364 Maurum
499 2316 614 2389 probibet·
636 2330 689 2362 suos
700 2315 812 2370 bortatur,

145 2381 179 2426 uti
200 2380 281 2426 fortem
301 2383 399 2427 animum
419 2382 540 2444 gererent:
568 2396 628 2442 soepe
646 2385 713 2426 antea
734 2381 813 2441 paucis

145 2446 242 2491 strenuis
262 2445 382 2491 advorsum
405 2445 570 2492 multitudinem
588 2446 645 2493 bene
665 2452 810 2504 pugnaturos
836 2496 839 2501 q

147 2517 231 2568 quanto
248 2509 288 2553 sibi
299 2510 323 2554 iu
334 2508 413 2569 proelio
424 2509 500 2554 minus
510 2509 667 2569 pepercissent,
678 2516 742 2554 tanto
757 2508 813 2553 tuti·

146 2587 197 2618 ores
207 2572 270 2618 lore:
290 2587 332 2617 nec
343 2587 478 2631 quemquam
498 2573 583 2623 decere,
598 2573 636 2632 qui
647 2586 727 2618 manus
739 2586 814 2616 mma-

149 2639 213 2693 uerit,
226 2638 254 2682 ab
269 2637 361 2683 inermis
376 2636 468 2698 pedibus
480 2637 588 2683 auxilium
600 2644 682 2698 petere,
696 2636 721 2681 in
733 2649 814 2682 maxu-
