1800 2942
181 203 319 256 merliu
335 203 389 253 Lm
400 203 527 254 XXXIX.
544 202 605 256 Cur.
613 210 638 255 8.
694 208 740 257 891

74 351 131 395 ωας
144 334 232 400 magnii
241 337 265 383 vi
276 336 415 398 tempestatis
425 351 552 397 oppressus,
569 350 596 383 sc
611 337 712 384 desertus
727 351 741 384 s

75 404 131 455 suis,
142 402 288 449 clatronibus
299 403 402 464 capitur;
418 401 581 463 perductusque
589 401 617 447 ed
627 401 739 463 Grypum,

74 465 216 515 interficitur.
228 487 230 490 ·
249 467 343 528 Grypus
353 481 426 529 porro,
439 473 568 526 recuperato
578 467 650 528 patrio
661 481 740 529 regno,

73 533 219 592 externisque
229 531 333 592 periculis
342 530 455 584 liberatus,
472 531 557 577 insidiis
567 532 645 578 matris
655 532 738 593 appeti·

74 604 120 644 tur.
146 596 207 651 Qire
215 611 274 651 curn,
285 596 406 658 cupiditate
417 596 581 652 dominationis,
592 596 680 657 prodito
691 610 740 642 mn·

73 663 120 709 rito
132 660 257 716 Demetrio,
269 668 292 707 et
303 661 373 707 altero
383 658 429 706 filio
440 659 565 713 interfecto,
576 662 642 723 hujus
652 675 740 722 quoque

73 724 173 774 victorii
187 725 315 772 inferiorern
329 725 461 786 dignitatem
476 740 539 771 suam
553 724 634 771 sectam
647 725 738 781 doleret,

72 791 175 839 venienti
194 791 222 837 sb
240 790 400 836 exercitatione
421 790 527 851 poculum
549 791 630 837 veneni
652 789 739 838 obtulit.

73 856 122 904 Sed
131 854 231 917 Grypus,
237 855 350 917 predictis
356 855 404 916 jum
413 861 467 901 unte
473 854 568 911 insidiis,
579 854 648 902 veluti
657 853 740 916 pietate

72 935 128 967 cum
145 926 217 966 matre
235 925 340 976 certaret,
358 919 434 966 bibere
450 920 522 981 ipsum
535 921 616 981 jubet;
633 919 739 967 abnuenti

72 986 160 1032 instet:
179 991 317 1046 postremum
328 984 414 1046 prolato
425 984 499 1030 indice
510 998 559 1029 eam
570 985 651 1046 arguit,
667 985 739 1048 solam

71 1049 227 1097 defensionem
246 1049 336 1095 sceleris
356 1063 473 1109 superesse
491 1048 610 1103 affirmans,
631 1049 649 1096 si
668 1050 736 1108 bibat,

72 1114 136 1176 quod
152 1111 198 1159 filio
212 1113 299 1162 obtulit.
333 1113 372 1160 sic
389 1113 451 1159 victe
468 1113 553 1173 regina,
573 1113 657 1160 scelere
672 1114 696 1159 in
713 1130 738 1162 se

70 1194 149 1232 verso,
170 1192 266 1234 veneno,
292 1177 353 1239 quod
374 1177 411 1225 alii
432 1183 557 1239 paraverat,
580 1177 737 1239 exstinguitur.

71 1240 145 1292 Parta
165 1242 234 1305 ign'tur
257 1243 321 1306 regni
340 1243 465 1297 securitate,
490 1240 583 1303 Grypus
602 1249 654 1288 octo
673 1245 738 1291 suuis

69 1309 171 1371 quietem
187 1313 211 1354 et
229 1307 278 1369 ipse
294 1307 376 1362 habuit,
393 1314 417 1353 et
433 1321 506 1369 regno
518 1306 630 1369 prestitit.
661 1305 738 1355 Natus

68 1373 153 1421 deinde
162 1372 195 1418 illi
206 1378 241 1419 est
251 1372 346 1419 remulus
356 1372 427 1433 regni,
438 1371 508 1419 frater
518 1372 587 1434 ipsius
596 1368 737 1432 Cyzicenus,

69 1437 151 1486 eidem
167 1445 239 1484 matre
251 1437 352 1498 genitus,
368 1437 408 1484 sed
422 1451 451 1482 ex
463 1436 577 1484 Antiocho
591 1446 670 1498 patruo
687 1452 737 1484 sus·

68 1509 158 1566 ceptus,
175 1517 241 1563 quern
258 1517 310 1548 cum
323 1516 412 1547 veneno
425 1501 505 1548 tollere
520 1502 633 1556 voluisset,
651 1508 676 1548 ut
687 1517 736 1549 ma·

67 1568 144 1617 tutius
160 1567 228 1613 armis
246 1581 298 1613 curn
314 1580 343 1612 eo
361 1565 389 1612 de
408 1580 479 1627 regno
499 1567 650 1623 contenderet,
672 1568 733 1613 cxci·

67 1632 135 1681 tavit.

103 1694 154 1743 111.
170 1695 234 1744 Inter
243 1698 284 1743 has
295 1698 359 1760 regni
373 1697 445 1758 Syriae
456 1696 597 1759 parricidales
607 1697 735 1751 discordias,

68 1761 168 1810 moritur
188 1777 229 1809 rex
251 1762 349 1824 AEgypti
371 1761 516 1814 Ptolemaeus,
543 1776 615 1824 regno
636 1762 736 1827 AEgypti

68 1828 139 1875 uxori
150 1833 173 1874 et
183 1827 246 1873 alteri
258 1842 287 1874 ex
297 1827 355 1882 tiliis,
367 1842 433 1886 quem
445 1827 484 1872 illu
494 1826 592 1888 legisset,
603 1828 689 1885 relicto,
700 1831 735 1875 vi.

69 1892 153 1940 delicet
171 1893 234 1953 quasi
252 1893 348 1953 quietior
364 1891 462 1954 AEgypti
480 1898 558 1945 status,
576 1908 642 1953 quum
660 1893 736 1954 Syriae

69 1971 168 2019 regnum
180 1964 248 2014 esset,
265 1972 316 2004 cum
328 1966 406 2010 mater,
422 1958 493 2004 altero
504 1971 533 2002 ex
543 1956 594 2003 filiis
604 1956 685 2015 electo,
700 1958 734 2004 al·

69 2029 145 2069 terum
162 2023 251 2069 hostem
268 2031 326 2070 esset
343 2024 450 2069 habitura.
482 2018 558 2082 Igitur
573 2036 624 2067 cum
643 2023 735 2083 pronior

69 2087 95 2133 in
107 2087 217 2133 minorem
227 2085 297 2133 filiurn
310 2095 376 2142 esset,
394 2103 407 2133 a
418 2087 500 2148 populo
512 2086 653 2147 compellitur
662 2089 733 2150 majo·

70 2166 120 2199 rem
132 2153 230 2214 eligere:
250 2154 286 2199 cui
297 2154 359 2215 prius
369 2166 435 2213 quam
447 2165 543 2212 regnum
555 2150 623 2206 daret,
641 2166 734 2200 uxorem

69 2216 171 2273 ademit3
194 2218 378 2279 compulsumque
400 2215 515 2278 repudiare
536 2216 673 2262 carissimam
693 2217 733 2264 sibi

69 2296 171 2327 sororem
184 2279 333 2343 Cleopatram,
350 2282 461 2327 minorem
473 2295 571 2326 sororem
584 2280 680 2328 Selenen
691 2282 734 2328 du·

71 2360 125 2392 cere
129 2346 203 2407 jubet,
220 2361 266 2393 non
280 2354 383 2393 materno
395 2347 454 2393 inter
464 2344 620 2409 iiliusjudicio,
637 2362 688 2393 cum
700 2348 734 2394 nl·

66 2411 113 2457 teri
128 2411 233 2457 maritum
249 2412 351 2475 eriperet,
368 2411 431 2458 alteri
447 2410 517 2458 duret.
550 2411 595 2458 Sed
607 2409 733 2474 Cleopatra,

69 2489 119 2521 nou
137 2487 184 2522 tam
199 2478 275 2524 sviro
295 2478 416 2540 repudiata,
436 2491 503 2536 quom
520 2492 534 2524 a
552 2484 624 2523 matre
638 2477 734 2525 divorno

69 2540 115 2587 viri
125 2540 224 2600 dimissu
236 2541 355 2604 Cyzicena
365 2543 389 2590 in
401 2541 468 2603 Syriai
478 2543 557 2599 nubit;
573 2543 639 2602 eique
650 2556 680 2589 ne
690 2557 734 2589 nu-

68 2605 125 2651 dum
141 2607 218 2654 uxoris
234 2622 317 2655 nomen
335 2607 430 2663 efferret,
447 2608 570 2654 exercitum
583 2606 655 2669 Grypi
672 2608 734 2654 solli·

69 2670 170 2726 citatum,
187 2672 251 2720 velut
268 2673 372 2727 dotalem,
392 2673 420 2720 ad
435 2673 540 2719 maritum
558 2672 654 2719 deducit.
687 2672 733 2722 Pur

69 2734 140 2797 igitur
149 2737 238 2787 'viribus
253 2738 328 2789 fratris
339 2737 471 2801 Cyzicenus
485 2738 589 2800 proeliurq
605 2738 732 2797 committit,
