1800 2942
129 125 178 172 tto
274 120 412 174 JUSTINI
427 120 482 171 Lu.
492 119 527 169 II.
544 119 605 172 Car.
615 125 653 170 11.

127 252 152 299 in
168 249 231 314 fugi,
248 260 375 315 postremus
389 253 414 300 in
432 252 513 315 proelio
527 266 617 315 semper
631 251 696 299 visus
710 259 759 310 eat;
778 253 805 302 ia

128 317 233 379 periculis
255 318 362 376 timidus3
387 318 458 365 sicubi
479 324 553 364 metus
577 318 673 371 abesset,
694 317 802 379 inflatus;

129 383 232 444 denique,
245 391 298 430 ante
308 383 487 445 experimentum
498 382 556 436 belli,
568 380 650 429 tiducii
660 383 749 439 virium,
759 400 802 431 ve·

114 458 118 474 ‘
128 447 172 494 luti
183 456 269 496 naturae
279 449 349 511 ipsius
359 447 471 500 domiuus,
483 455 506 494 et
516 454 606 495 montes
621 448 645 494 in
655 448 749 509 planum
760 449 803 495 de·

128 513 231 567 ducebat,
254 521 278 561 et
295 528 398 561 convexa
413 513 505 561 vallium
524 513 642 573 aequabat3
658 519 683 558 et
696 513 802 573 quaedam

128 579 200 626 maria
217 579 323 641 pontibus
342 578 456 626 sternebat
461 594 470 636 ;
487 578 590 639 quaedam
601 578 630 624 ad
648 578 803 640 navigationis

129 644 273 692 commodum
284 660 325 706 per
335 644 492 706 compendium
504 643 606 690 ducebat.

162 707 209 754 XI.
227 707 299 772 Cujus
313 710 419 757 introitus
433 709 458 755 in
476 708 590 756 Graeciam
607 722 674 769 quarn
689 707 803 763 terrrhilis,

129 779 177 820 um
195 775 266 836 turpis
285 790 312 822 ac
332 774 408 822 ioedus
429 774 542 821 dimersus
565 772 623 819 fuia-
655 771 726 828 Nam,
749 788 803 819 cum
828 811 832 830 ,

130 835 240 893 Leonida,
249 854 290 887 rex
302 840 471 902 Spartanorum,
481 852 534 885 cum
545 844 641 898 quatuor
647 838 747 884 millibus
756 837 803 883 mi·

130 904 196 951 litum
205 905 321 966 angustias
332 903 536 966 Tbermopylarum
549 901 688 965 occupisset,
700 902 802 956 Xerxes,

129 976 248 1018 contemtu
268 969 395 1030 paucitatis,
413 985 454 1016 eos
474 983 575 1031 pugnarn
595 982 711 1030 capessere
728 968 803 1030 jathet,

131 1047 227 1094 quorum
235 1034 326 1095 cognati
335 1032 481 1081 Marathonii
489 1032 566 1095 pugni
576 1032 688 1079 interfecti
694 1033 801 1080 fueranta

130 1098 176 1158 qui,
195 1098 249 1145 dum
272 1099 349 1145 ulcisci
370 1114 423 1146 suos
440 1106 553 1159 quaerunt,
575 1098 710 1159 principium
733 1098 805 1145 cladis

129 1159 207 1210 fuere:
225 1164 360 1214 succedente
374 1164 455 1211 deinde
462 1160 539 1209 inutili
554 1162 627 1216 turbi,
639 1164 711 1225 major
728 1163 805 1211 caedes

130 1228 211 1277 editur.
243 1227 330 1276 Triduo
340 1230 369 1276 ihi
387 1244 439 1276 cum
456 1229 534 1275 dolore
544 1236 568 1274 et
578 1228 733 1290 indignatione
745 1227 804 1275 Per·

131 1307 207 1340 aarum
219 1294 362 1341 dimicatum:
382 1292 462 1355 quartia
472 1293 514 1347 die,
534 1308 587 1340 cum
603 1295 732 1340 nuntiatum
743 1301 806 1341 esset

131 1356 249 1415 Leonida,
260 1374 274 1406 a
284 1360 366 1423 viginti
376 1359 474 1405 millibus
488 1358 587 1405 hostium
603 1373 717 1405 summurn
736 1373 804 1405 cscu·

130 1438 185 1471 men
201 1425 279 1479 teneri,
297 1433 352 1471 tunc
365 1425 468 1471 hortatur
483 1424 564 1478 socios,
582 1429 598 1453 ⁴⁶
608 1424 722 1481 recedant,
740 1432 764 1470 et
780 1438 807 1471 se

132 1490 160 1538 ad
168 1490 260 1537 meliora
270 1491 349 1552 patriae
360 1497 462 1552 tempora
470 1496 599 1543 reservent:
618 1490 660 1535 sihi
668 1504 721 1534 cum
734 1489 805 1550 Spar·

131 1556 191 1602 tanis
206 1554 321 1603 fortunam
338 1553 514 1617 experiendam‘3
531 1554 595 1617 plura
606 1568 631 1600 se
640 1555 721 1616 patriae
736 1569 806 1615 quam

131 1620 187 1668 vitae
203 1620 296 1668 debere:
316 1627 411 1668 caeteros
428 1620 457 1666 ad
474 1620 579 1681 praesidia
594 1619 693 1667 Graeciae
710 1634 805 1666 servam

133 1681 198 1731 doa.”
231 1684 317 1731 Audito
329 1686 390 1747 regis
399 1685 503 1747 imperio,
520 1682 643 1731 discessere
653 1685 747 1742 caeteri3
763 1684 806 1729 soli

132 1746 302 1795 Lacedaemonii
318 1757 482 1796 remanserunt.
514 1747 585 1795 Initio
594 1750 661 1811 huJus
671 1749 731 1803 belli,
748 1749 805 1794 scis·

132 1813 252 1860 citantibus
264 1811 362 1876 Delphis
372 1815 463 1862 oracula
472 1830 604 1877 responsam
615 1812 696 1868 iuerat,
707 1820 747 1859 aut
755 1813 805 1874 regi

133 1878 305 1940 Spartanorum,
323 1888 362 1925 aut
384 1880 431 1926 urhl
447 1879 579 1927 cadendum.
613 1878 647 1926 Et
662 1877 748 1925 idcirco
764 1889 805 1923 rex

133 1942 245 1998 Leonida,
264 1959 316 1991 eum
338 1945 362 1991 in
383 1945 468 1992 bellum
487 1943 671 2006 proficisceretur,
693 1944 726 1990 ita
750 1957 805 1989 suos

134 2008 268 2065 firmaverat,
289 2016 313 2056 ut
335 2010 368 2056 ire
385 2024 409 2056 se
423 2017 502 2072 parato
521 2009 550 2055 ad
567 2010 710 2055 moriendum
728 2007 806 2055 animo

78 2113 79 2118 ,
134 2075 225 2122 scirent.
258 2073 385 2138 Angustias
402 2083 521 2136 propterea
538 2080 694 2135 occupaverat,
707 2081 740 2128 ut,
752 2086 805 2119 cum

133 2141 217 2201 paucis,
229 2147 268 2186 aut
275 2141 360 2202 majore
369 2137 443 2202 glorii
453 2141 560 2193 vinceret,
573 2146 612 2186 aut
623 2139 711 2185 minore
722 2139 806 2184 dunno

133 2204 261 2265 reipublicae
277 2206 374 2252 caderet.
405 2203 515 2252 Dimissis
529 2206 600 2266 igitur
617 2203 691 2258 sociis,
703 2204 809 2249 hortatur

135 2269 266 2332 Spumunos,
284 2277 298 2299 ‘⁶
306 2270 456 2326 meminerint,
471 2268 662 2330 qualitercumque
679 2267 807 2331 proelianti-

134 2333 177 2381 hus
193 2335 317 2381 cadendum
336 2350 397 2381 esse:
420 2341 534 2389 caverent,
551 2349 581 2379 ne
598 2333 808 2389 fortiussmansisse

135 2412 203 2459 quam
214 2398 331 2445 dimicisse
340 2400 471 2455 videantur3
488 2414 531 2446 neo
541 2397 726 2460 exspectandum,
742 2404 770 2444 ut
779 2398 808 2444 ah

134 2462 202 2509 hoste
220 2463 442 2518 circumvenirentur,
461 2464 508 2518 sed,
530 2464 584 2509 dum
600 2477 648 2508 nox
663 2462 808 2509 occasionem

135 2525 205 2581 daret,
222 2527 307 2573 securis
324 2534 348 2573 et
367 2527 427 2574 laetis
449 2528 667 2589 superveniendum:
694 2539 807 2588 numnam

136 2591 235 2637 victores
251 2592 373 2646 honestius,
393 2606 461 2652 quam
477 2592 502 2637 in
515 2592 595 2638 castris
610 2592 709 2638 hostium
719 2592 807 2653 peritu-

136 2653 199 2708 ros.”
233 2654 299 2704 Nihil
308 2663 357 2704 erat
371 2655 462 2705 difficile
471 2657 605 2721 persuadere
612 2656 807 2722 pmmsismoric
