1800 2942
75 196 134 249 Car.
144 203 186 249 49.
309 194 511 250 JUGURTHA.
662 212 666 221 ’
713 196 746 250 ¹17

75 327 152 377 Media
162 335 240 379 flamm
255 328 361 391 planities
377 328 473 383 deserta,
491 324 587 391 penurii
597 341 668 389 aque,
683 340 744 390 prae·

72 402 105 441 ter
115 394 204 442 flumini
214 395 341 457 propinqua
349 394 415 441 loca:
435 409 469 447 ea.
485 394 573 441 consita
587 393 691 449 arbustis,
701 408 742 461 pc·

12 420 15 527 i
74 472 125 507 core
135 467 204 520 atque
214 459 338 507 cultoribus
347 458 553 520 frequentabantur,

101 523 199 572 XLIX.
217 522 324 586 Igituriu
335 538 364 571 eo
371 524 435 578 colle,
446 539 514 585 quem
522 530 654 572 transvorso
660 523 742 571 itinere

72 597 199 651 porrectum
222 589 346 643 docuimus,
364 587 486 652 Jugurtha,
508 587 629 636 menanti
647 602 741 636 suorum

71 655 124 710 scie.
143 654 261 702 consent:
280 654 404 716 elephmtis
420 661 443 700 et
453 655 512 716 parti
528 655 643 716 copiarum
658 654 741 715 podes.-

71 720 136 767 trium
160 717 314 768 Bomilcarem
335 717 443 781 praefecit,
463 732 560 780 eumque
580 719 667 773 edocet,
689 734 741 780 que

12 782 13 787 ’
70 791 162 847 ageret3
180 786 230 848 ipsc
240 784 331 847 propior
338 790 439 833 montem
451 799 503 831 cum
514 782 577 832 omni
591 784 690 845 equitatu
699 798 740 845 pe*

70 849 125 898 dites
140 850 243 897 deiectos
258 849 368 896 collocat:
388 850 440 896 dein
455 849 557 912 singulas
571 856 658 896 turmas
672 855 741 909 atque

70 915 195 979 manipulos
213 914 348 961 circumiens
369 921 449 962 monet
466 921 534 976 atque
548 915 680 967 obtestatur,
698 910 739 969 uti

12 994 14 1011 ¹
69 992 180 1029 memores
185 979 289 1044 pristinae
299 980 389 1026 virtutis
399 988 423 1027 et
433 981 541 1036 victorie,
549 994 619 1041 reque
629 992 739 1042 regnum·

70 1059 111 1106 que
121 1061 189 1093 suum
208 1046 236 1092 ab
247 1043 404 1092 Romanorum
422 1043 516 1093 evantii
532 1044 666 1092 defendant:
685 1056 739 1107 cum

69 1110 102 1157 iris
112 1117 229 1159 certamen
240 1108 298 1168 iore,
305 1125 362 1172 quos
372 1118 438 1158 antea
444 1111 517 1158 victos
528 1111 659 1172 subjugum
670 1108 740 1156 mise·

68 1176 125 1223 rint:
144 1177 228 1224 ducem
245 1175 297 1230 illia,
316 1190 363 1222 non
379 1177 487 1230 animum,
501 1181 630 1222 mutatum:
648 1173 739 1237 quarab

69 1240 204 1303 imperatore
222 1240 346 1295 decuerint,
369 1241 445 1287 omnia
467 1240 514 1286 suis
529 1240 638 1316 provisu
661 1239 738 1285 locum

68 1307 215 1368 asperiorem,
223 1308 256 1353 uti
268 1305 390 1366 prudentes
396 1321 447 1352 cum
456 1304 572 1366 imperitis,
582 1318 611 1351 ne
622 1302 740 1366 pauciores

68 1382 116 1417 cum
127 1371 238 1434 pluribus,
244 1377 283 1417 eut
294 1371 361 1417 rudes
369 1384 420 1418 curu
427 1370 487 1417 bello
498 1369 633 1423 melioribus,
645 1382 738 1431 manum

67 1441 227 1485 consererent:
248 1435 341 1498 proinde
350 1436 423 1497 parati
439 1435 566 1496 intentique
576 1440 659 1489 assent,
671 1433 738 1494 signo

67 1500 124 1558 dem
139 1500 262 1549 Romanos
275 1500 394 1547 invadere:
413 1500 477 1547 illum
495 1501 555 1547 diem
572 1506 611 1546 aut
621 1499 696 1546 omnis
706 1498 740 1545 la·

67 1565 129 1615 bores
147 1574 174 1614 et
187 1565 295 1613 victorias
314 1564 504 1620 confirmaturum,
521 1573 561 1613 aut
581 1577 739 1612 maxumarum

68 1645 218 1678 erumnarum
228 1631 318 1677 initium
328 1626 385 1678 sore.
407 1636 412 1653 ³
418 1630 457 1677 Ad
465 1632 508 1678 hoc
516 1630 607 1685 viritim,
616 1630 649 1676 uti
657 1643 738 1690 quern·

67 1709 109 1756 que
119 1698 149 1744 ob
159 1697 257 1743 militare
267 1695 355 1742 facinus
363 1693 464 1757 pecunid
475 1696 608 1758 aut-honore
619 1696 738 1751 extuletau

68 1760 263 1808 commonefacere
280 1760 390 1807 beneficii
406 1761 446 1816 rui,
467 1767 491 1806 et
512 1774 565 1807 eum
587 1762 660 1823 ipsum
688 1761 739 1808 aliis

67 1833 194 1875 mentm:
214 1831 337 1887 postremo,
359 1841 401 1888 pro
423 1827 532 1888 cujusque
549 1826 649 1888 ingenio,
670 1825 740 1887 polli-

70 1891 146 1948 oendo,
157 1890 292 1945 minitando,
302 1891 441 1944 obtestando,
454 1891 522 1937 alium
538 1892 582 1937 aiio
592 1891 660 1937 modo
674 1890 738 1936 exci-

68 1960 128 2003 tarer
147 1955 299 2003 cuminterim
312 1955 428 2010 Metellus,
439 1956 532 2017 ignarus
542 1956 649 2009 hostium,
659 1960 739 2017 monte

149 2022 203 2068 ‘ens'
211 2024 264 2066 oum
275 2021 376 2067 exercitu
387 2021 531 2082 conspicitur.
558 2019 637 2067 Primo
649 2020 738 2076 dubius,

69 2085 173 2145 quidnam
182 2084 276 2132 insolita
280 2084 352 2132 iacies
362 2086 492 2133 ostenderet
499 2086 563 2149 (narn
572 2088 632 2132 inter
638 2085 740 2148 virgulto

68 2151 117 2211 equi
128 2150 285 2210 Numidaeque
301 2151 458 2207 consederant,
470 2166 544 2211 neque
553 2151 621 2212 plane
631 2151 739 2199 occultati

13 2272 14 2283 ἵ
68 2214 192 2263 humilitate
202 2215 314 2271 arbomm,
325 2222 435 2263 ettamen
451 2216 538 2269 incerti
549 2215 739 2276 quidnamessett

67 2292 117 2327 cunr
132 2278 215 2328 naturl
230 2279 283 2334 ioci,
300 2288 348 2327 turn
359 2280 412 2328 doio
422 2283 465 2343 ipsi
476 2288 544 2341 etque
555 2280 621 2341 signa
634 2280 740 2330 militarit

68 2344 207 2407 obsrrrmti);
230 2345 289 2399 dein,
311 2346 374 2392 brevi
396 2347 494 2409 cognitis
515 2345 608 2400 insidiis,
626 2346 739 2410 paulisper

68 2421 148 2471 agmen
158 2409 269 2457 constitit
302 2407 337 2456 lbi
351 2412 496 2457 commutatis
506 2411 630 2468 ordinibus,
640 2411 664 2457 in
682 2411 738 2459 dex·

69 2479 116 2521 tero
131 2476 209 2530 latere,
227 2475 289 2536 quod
305 2490 440 2536 proxumum
457 2476 530 2523 hostis
545 2482 599 2530 erat,
614 2476 739 2537 tnplionua

69 2539 171 2588 subsidiis
181 2540 254 2587 aciem
263 2540 386 2598 instruxit3
402 2542 462 2588 inter
471 2540 598 2602 manipulos
613 2539 739 2589 funditores

68 2609 93 2649 et
102 2606 230 2669 sagittarios
240 2605 355 2669 dispertit;
371 2606 496 2667 equitatum
504 2619 595 2653 omnem
603 2606 627 2651 in
634 2607 740 2654 cornibus

13 2620 16 2725 i
69 2667 143 2731 locat;
160 2685 188 2720 ac
198 2685 270 2736 pauca
280 2686 322 2736 pru
333 2679 435 2735 tempore
446 2671 530 2718 milites
542 2670 652 2727 hortatus,
659 2672 738 2727 aciem,

13 2742 15 2783 i
497 2738 545 2781 ns
