1800 2942
144 130 150 137 “
236 151 373 205 ruamur
389 151 442 205 nn
453 151 526 204 xvr.
540 153 633 212 wcon.
717 165 765 213 orn

97 287 220 334 liberorum
237 283 317 331 deinde
329 282 453 332 Alexandri
463 286 598 341 ministrnm,
618 288 679 335 etad
689 305 765 352 perse·

96 351 202 414 quendos
208 348 331 396 defectores
341 350 430 404 ducem,
441 352 561 398 exstitisse.
593 350 686 408 Contra,
698 355 765 403 Anti-

93 424 195 480 patrum,
207 429 274 462 avum
285 415 364 461 horum
375 415 556 471 adolescentium,
566 419 696 465 amariorem
705 435 765 467 aena-

93 498 141 546 per
151 481 278 527 ministrum
289 480 352 540 regni
364 495 429 540 quam
441 481 503 541 ipsos
513 496 578 544 reges
593 480 670 530 fuisse.
704 481 764 532 Cas·

97 547 206 595 aaudrurn
223 559 279 590 vero
295 551 390 606 patrem,
409 547 568 593 exstinctorem
586 548 656 610 regiae
675 549 762 604 domus,

97 627 147 659 non
166 606 262 662 leminis,
285 624 331 656 non
345 611 420 670 pueris
437 612 578 673 pepercisse3
598 612 639 658 ned
655 611 762 669 cessisse,

91 675 174 738 <quoad
185 689 275 721 omnam
284 674 358 736 stirpis
368 675 438 738 regiae
449 676 548 724 sobolem
560 677 650 723 deleret.
670 676 762 726 Horum

96 742 208 790 scelerum
219 739 334 793 ultionem,
345 740 398 800 quia
411 736 525 801 nequisset
535 742 622 803 abipso
634 739 762 791 Cassandro

91 806 197 868 exigere,
214 804 242 850 ad
260 803 344 850 -liaaros
364 806 413 866 eJ'na
428 807 565 855 translatam.
604 806 761 861 >Quamobrem

96 872 166 919 etiam
178 869 314 931 Philippum,
332 869 539 932 Alexandrumque,
557 871 577 917 si
593 873 644 932 quis
660 874 761 929 manium

91 949 178 985 sensus
188 941 229 989 est,
240 946 287 979 non
297 933 451 981 interfectores
461 951 521 990 auos,
533 951 559 983 ac
570 937 645 999 stirpis
655 953 709 994 ειιε,
722 938 761 985 sed

88 1002 181 1061 nitores
199 1013 284 1052 eorum,
304 996 447 1045 Macedoniae
461 1015 557 1062 regnum
575 1007 653 1049 tenere
667 1001 760 1050 malle.”

95 1065 146 1114 Per·
153 1066 203 1111 lraec
213 1064 316 1125 mitigato
323 1063 415 1125 populo,
426 1078 467 1110 rex
478 1065 621 1113 Macedooiae
631 1067 762 1128 appellatur.

94 1130 247 1193 Lysimachus
261 1143 350 1189 quoque
368 1143 420 1174 cum
438 1129 498 1174 bello
514 1128 683 1185 Dromichaetis,
699 1133 760 1194 regis
785 1134 788 1145 ‘

89 1196 217 1248 Thracum,
229 1199 373 1255 premeretur,
385 1207 415 1238 ne
425 1192 504 1239 eodem
515 1200 616 1253 ternpore
623 1195 760 1243 etadveraua

87 1276 147 1308 eum
158 1260 263 1306 dimicare
277 1272 369 1304 necesse
378 1257 476 1312 lrahorat,
494 1255 576 1304 traditi
586 1259 607 1304 ei
617 1258 687 1306 alteri
696 1268 760 1321 parte

92 1324 245 1379 Macedoniae,
261 1321 449 1398 quaepatipatro
465 1322 513 1385 ejus
529 1337 614 1386 genero
630 1323 757 1379 obvenerat,

90 1405 171 1503 ΡαοΙΕῙῙ.ῃ
178 1386 403 1516 Ιοὲἱᾞιξοῐξέζὲῑήυε,
411 1421 466 1499 totis
475 1450 619 1499 Macedoniae
628 1452 694 1515 regui
704 1453 759 1500 viri-

90 1523 135 1569 bus
145 1521 274 1574 instructus,
283 1532 335 1564 curn
344 1515 423 1566 Asiam
431 1531 540 1579 occupare
546 1517 661 1565 statuisset
669 1533 677 1575 3
688 1518 756 1564 itera·

91 1595 117 1635 to
139 1584 286 1638 Ptolemaeus,
306 1580 423 1636 Seleucus,
445 1589 470 1630 et
490 1578 647 1643 Lysimachus,
671 1583 758 1644 experti

90 1651 167 1715 priore
188 1648 315 1702 certamine,
335 1654 426 1709 quantae
445 1647 516 1694 vires
528 1654 604 1694 essent
622 1648 755 1704 concordiae,

91 1713 158 1779 pacnd
169 1715 282 1767 societate,
301 1712 448 1772 adunatisque
464 1712 603 1768 exercitibus,
617 1712 702 1761 bellom
714 1714 755 1760 ad-

88 1795 172 1829 versus
189 1777 334 1826 Demetrium
354 1775 492 1830 nmalerunt
508 1777 531 1828 in
550 1777 674 1840 Europam,
708 1776 756 1825 His

90 1846 197 1893 comitem
208 1859 233 1891 ae
244 1850 267 1891 et
274 1843 326 1890 belli
336 1842 421 1889 socium
427 1842 506 1905 jungit
517 1840 626 1904 Pyrrhus,
634 1842 754 1904 reprlri,

89 1924 183 1974 sperans
197 1924 244 1956 non
254 1908 366 1955 difficilius
375 1905 520 1954 Demetrium
527 1908 633 1956 amitere
644 1907 754 1955 Macedo-

89 1976 151 2024 niam
161 1989 237 2037 posse,
246 1988 313 2034 quam
324 1973 463 2034 acquisierat.
478 1971 531 2020 Noc
541 1988 593 2037 apes
603 1971 750 2020 tunninio:

84 2042 177 2103 quippe,
188 2039 288 2086 exercitu
298 2039 347 2101 ejus
357 2045 469 2100 corrupto,
477 2039 571 2100 ipsoque
578 2039 602 2085 ln
609 2036 687 2099 fugam
694 2043 752 2091 acto,

74 2101 635 2232 -ittttdffittt‘ttl‘dttltff
645 2108 754 2228 ⁸333ss

85 2233 232 2283 Macedoniae
246 2234 359 2279 ademtum
376 2233 416 2280 srlri
431 2232 511 2280 fraude
525 2232 597 2279 soceri
614 2237 752 2292 querentem,

84 2298 207 2355 insertion
223 2296 337 2358 filiamque
347 2313 410 2345 suam
416 2297 555 2358 Eurydicen,
567 2296 705 2357 querelarum
714 2311 752 2344 aa·

84 2366 151 2419 ciam,
162 2364 186 2410 in
194 2363 318 2410 custodiam
325 2363 406 2410 tradit:
420 2368 488 2422 atque
498 2361 530 2408 ita
537 2362 640 2408 universa
652 2358 751 2410 Cassan-

83 2431 120 2477 dri
136 2429 216 2475 domus
232 2427 364 2475 Alexandro
374 2427 472 2489 Magno,
488 2442 529 2474 aen
545 2428 607 2473 necis
617 2427 694 2487 ipsius,
710 2440 751 2473 seu

83 2494 162 2556 stirpis
177 2493 302 2548 exstinctae,
314 2507 393 2554 poenas
403 2493 484 2555 partim
492 2492 562 2546 cede,
573 2492 653 2554 partim
664 2490 749 2552 suppli·

83 2561 128 2613 cio,
139 2559 220 2620 partim
230 2558 348 2620 parricidio
358 2557 407 2604 luit
440 2557 574 2604 Demetrius
584 2571 681 2617 quoque,
694 2561 750 2601 atot

69 2624 217 2671 :excreatus
235 2624 409 2677 circumventus,
426 2637 478 2669 cum
492 2629 569 2684 posset
579 2622 674 2667 honeste
684 2619 748 2671 mori,

77 2689 177 2753 turpiter
187 2702 212 2737 se
222 2687 304 2736 dedere
314 2688 410 2737 Seleuco
420 2688 506 2736 maluit.
525 2685 678 2742 ‹linitobellq
692 2681 747 2730 Pto-

539 2773 554 2796 0
