1800 2942
219 141 356 198 rumim
372 140 508 192 invni
525 140 619 193 curn
698 107 751 200 ne

79 272 300 328 timenutensium,
310 273 400 326 tametsi
411 285 491 321 omnes
501 279 670 322 ιιιοειιιιιιιιιι
679 287 747 336 prep-

78 346 121 392 ter¹
126 338 275 400 sacrilegium,
290 338 341 400 plus
351 346 426 385 tamen
437 338 528 385 invidiae
538 337 658 392 Thebanis,
669 353 684 385 a
696 339 747 399 qui·

78 404 122 454 bns
142 404 172 450 sd
190 404 247 450 banc
269 404 424 450 necessitatem
441 403 550 465 compulsi
565 402 663 459 fuerant,
676 417 745 464 quarn

76 469 133 530 ipsis
147 468 230 518 intulit.
262 465 342 528 Itaque
357 468 440 515 auxilia
449 468 484 514 his
495 476 518 515 et
528 469 556 515 ab
567 467 745 515 Atheniensibus

78 541 102 581 et
112 548 127 580 a
137 531 318 586 Lacedaemoniis
327 533 402 580 missa.
430 531 507 580 Primi
520 533 590 595 igitur
600 532 743 593 congressio-

78 613 108 645 ne
131 596 270 644 Philomelus
292 595 413 643 Thebanos
428 598 508 644 castris
523 598 593 644 exuit.
635 597 749 659 Sequenti

78 661 162 724 proelio
169 663 258 723 primus
267 662 325 709 iuter
335 660 512 709 confertissimos
530 663 638 709 dimicans
655 662 742 715 cecidit,

79 734 104 778 et
121 726 232 788 murilegi
248 740 327 787 poenss
343 727 412 787 impio
428 727 537 789 sanguine
552 727 602 773 luit.
632 725 661 772 Iu
677 728 748 825 hujus

78 791 154 838 locum
167 791 214 846 dux
225 789 381 838 Onomarchus
391 799 486 839 crentur.

112 853 635 919 11.Adveoosque1nTt1emmTheourque,
656 869 745 903 uonex

78 921 167 970 civibus
178 920 232 974 suia,
242 935 271 966 ne
281 921 373 967 uictoris
383 922 506 981 potentiam
516 921 576 969 serre
586 937 632 969 non
642 927 744 983 possent,

77 986 119 1033 sed
135 984 269 1046 Philippum,
287 984 430 1033 Macedoniae
448 1001 533 1063 regem,
549 988 629 1034 ducem
640 986 748 1048 eligunt,

78 1057 103 1098 et
118 1056 219 1097 externae
240 1049 391 1104 dominationi,
414 1065 481 1110 quam
502 1052 590 1098 insuia
611 1052 745 1108 timuerunt,

77 1125 160 1177 sponte
171 1113 301 1162 succedunt.
333 1112 539 1177 Igituerilippus,
550 1115 745 1178 quasisucrilegii,

77 1194 125 1226 non
136 1177 295 1225 Thebanorum
306 1179 367 1225 ultor
377 1187 443 1234 esset,
461 1193 540 1226 omnes
554 1179 638 1226 mssites
648 1194 747 1230 coronas

74 1243 166 1291 laureas
175 1259 263 1294 sumere
268 1244 339 1305 jubet,
357 1250 424 1303 atque
434 1243 472 1298 its,
491 1243 562 1289 veluti
573 1242 626 1290 Deo
637 1243 723 1299 duce,
716 1259 747 1291 m

75 1309 183 1370 praelium
193 1309 275 1370 pergit.
299 1306 433 1363 Phocenses,
444 1307 570 1369 insignibus
580 1306 628 1353 Dei
635 1322 744 1370 oonspee

75 1374 114 1427 tis,
131 1370 268 1419 consuendi
283 1372 413 1419 delictorum
426 1373 509 1449 territi,
525 1372 617 1449 abjectis
627 1373 695 1419 armis
704 1371 746 1448 iu,

76 1437 746 1578 {mmmmm

77 1566 303 1690 {finitimi
322 1565 745 1694 ,liffssrpiiflpidssiaeofflss

74 1710 148 1746 uum·
167 1697 228 1771 quod
243 1696 303 1743 orbis
319 1696 402 1742 viribus
419 1697 503 1758 expiari
520 1696 601 1752 debuit,
618 1696 691 1743 solum
701 1697 742 1758 qui

127 1761 166 1808 ula
186 1761 295 1822 exigeret,
317 1761 437 1808 exstitisse.
476 1760 581 1823 Dignum
607 1762 682 1823 itaque
703 1761 744 1823 qui

75 1762 134 1873 pipp.
144 1826 261 1887 proximus
276 1826 400 1881 haberetur,
415 1841 532 1887 perquem
544 1826 648 1876 Deorum
658 1827 743 1889 mejes-

76 1890 245 1938 tssuindicata
263 1889 317 1937 sit.‘’
350 1889 396 1937 Sed
416 1891 576 1945 Athenienses
597 1893 674 1939 erudito
689 1891 746 1942 belli

76 1962 169 2010 eventu,
181 1969 210 2001 ne
217 1955 241 2000 in
253 1955 367 2003 Graeciam
379 1954 495 2018 Philippus
505 1956 616 2012 transiret,
627 1955 746 2018 angustiae,

75 2019 289 2081 Thermopylarum,
305 2020 352 2081 peri
363 2021 448 2068 ratione
465 2022 529 2068 sicuti
545 2027 612 2068 auten
621 2020 743 2068 aduenien-

73 2086 138 2132 tibus
147 2082 234 2140 Persis,
250 2082 399 2146 occupavere:
419 2086 460 2132 sed
475 2084 613 2146 nequiquam
624 2084 691 2132 simili
702 2091 743 2131 aut
796 2114 799 2124 ·

71 2151 160 2200 virtute
170 2156 209 2195 aut
219 2147 300 2196 cauri.
320 2149 427 2210 siquidem
442 2159 497 2197 tunc
511 2166 552 2212 pro
562 2151 663 2197 libertate
674 2148 742 2196 Grae·

77 2215 128 2268 cire,
150 2227 211 2259 nunc
233 2228 274 2274 pro
296 2215 412 2276 murilegio
433 2215 538 2276 publico;
555 2222 609 2262 tunc
630 2229 644 2260 a
665 2211 747 2275 rupini

76 2277 178 2328 hortium
194 2277 278 2338 templa
291 2278 431 2332 vindicaturi,
445 2293 515 2335 nunc,
524 2279 632 2326 adversus
641 2278 744 2326 vindices

75 2342 220 2404 templorum,
231 2349 330 2404 raptores
341 2341 468 2389 defensuri.
486 2352 602 2404 aguntque
612 2358 742 2406 propugna-

73 2415 138 2455 tores
156 2406 252 2461 sceleris,
270 2407 334 2469 cujus
344 2414 409 2467 turpe
418 2414 467 2452 erat
477 2406 533 2453 alios
542 2407 642 2454 vindices
657 2407 745 2465 subsc,

75 2472 222 2519 immemores
239 2486 339 2533 prorsus,
354 2471 438 2530 quod
432 2484 457 2515 ιιι
476 2470 547 2518 dubiis
560 2472 627 2518 rebus
645 2473 692 2519 suis
702 2472 743 2518 illo
842 2470 845 2477 “

74 2535 133 2583 Deo
149 2535 216 2582 etiam
233 2535 376 2582 consiliorum
392 2541 484 2582 auctore
499 2537 534 2581 usi
548 2535 653 2593 suerant;
680 2535 742 2595 quod

74 2600 117 2650 illo
128 2598 187 2646 dune
196 2607 231 2646 tot
240 2601 299 2647 bella
308 2600 405 2648 victores
415 2600 526 2659 inierant3
541 2608 576 2647 tot
590 2600 655 2646 nrbes
665 2599 741 2659 auspi·

76 2664 303 2738 cstooondideraut,
317 2671 406 2714 tuntum
426 2665 545 2728 imperium
564 2662 747 2736 testimonique
