<?xml version="1.0" encoding="UTF-8"?>
<!DOCTYPE html PUBLIC "-//W3C//DTD XHTML 1.0 Transitional//EN"
    "http://www.w3.org/TR/xhtml1/DTD/xhtml1-transitional.dtd">
<html xmlns="http://www.w3.org/1999/xhtml" xml:lang="en" lang="en">
 <head>
  <title>
</title>
<meta http-equiv="Content-Type" content="text/html;charset=utf-8" />
  <meta name='ocr-system' content='tesseract 3.04.00' />
  <meta name='ocr-capabilities' content='ocr_page ocr_carea ocr_par ocr_line ocrx_word'/>
</head>
<body>
  <div class='ocr_page' id='page_1' title='image "./quaeintegrasupe00grongoog_0165.png"; bbox 0 0 1800 2942; ppageno 0'>
   <div class='ocr_carea' id='block_1_1' title="bbox 218 152 764 205">
    <p class='ocr_par' dir='ltr' id='par_1_1' title="bbox 218 152 764 205">
     <span class='ocr_line' id='line_1_1' title="bbox 218 152 764 205; baseline 0.005 -3"><span class='ocrx_word' id='word_1_1' title='bbox 218 153 462 204; x_wconf 83' lang='lat' dir='ltr'><strong>MITHRIDATIS&#39;</strong></span> <span class='ocrx_word' id='word_1_2' title='bbox 473 152 666 204; x_wconf 75' lang='lat' dir='ltr'><strong>EPISTOLA&#39;</strong></span> <span class='ocrx_word' id='word_1_3' title='bbox 717 158 764 205; x_wconf 76' lang='lat'><strong>187</strong></span> 
     </span>
    </p>
   </div>
   <div class='ocr_carea' id='block_1_2' title="bbox 98 282 772 802">
    <p class='ocr_par' dir='ltr' id='par_1_2' title="bbox 98 282 772 802">
     <span class='ocr_line' id='line_1_2' title="bbox 98 282 770 348; baseline -0.003 -14"><span class='ocrx_word' id='word_1_4' title='bbox 98 283 369 348; x_wconf 64' lang='lat' dir='ltr'><strong>Mensorumrunppo</strong></span> <span class='ocrx_word' id='word_1_5' title='bbox 378 287 462 332; x_wconf 89' lang='lat' dir='ltr'><strong>bellum</strong></span> <span class='ocrx_word' id='word_1_6' title='bbox 470 284 577 333; x_wconf 65' lang='lat' dir='ltr'><strong>sumsere.</strong></span> <span class='ocrx_word' id='word_1_7' title='bbox 593 314 598 329; x_wconf 37' lang='grc' dir='ltr'><strong>,ν</strong></span> <span class='ocrx_word' id='word_1_8' title='bbox 610 284 674 332; x_wconf 85' lang='lat' dir='ltr'><strong>Dum</strong></span> <span class='ocrx_word' id='word_1_9' title='bbox 686 282 770 334; x_wconf 78' lang='lat' dir='ltr'><strong>aCar·</strong></span> 
     </span>
     <span class='ocr_line' id='line_1_3' title="bbox 98 349 770 413; baseline 0.004 -18"><span class='ocrx_word' id='word_1_10' title='bbox 98 349 278 411; x_wconf 61' lang='lat' dir='ltr'><strong>megarensibus</strong></span> <span class='ocrx_word' id='word_1_11' title='bbox 288 352 452 413; x_wconf 78' lang='lat' dir='ltr'>premebantur,</span> <span class='ocrx_word' id='word_1_12' title='bbox 465 352 585 398; x_wconf 78' lang='lat' dir='ltr'><strong>amicitiam</strong></span> <span class='ocrx_word' id='word_1_13' title='bbox 597 350 735 404; x_wconf 72' lang='lat' dir='ltr'><strong>simulantes,</strong></span> <span class='ocrx_word' id='word_1_14' title='bbox 746 351 770 398; x_wconf 85' lang='lat' dir='ltr'><strong>ei</strong></span> 
     </span>
     <span class='ocr_line' id='line_1_4' title="bbox 100 414 771 477; baseline 0 -15"><span class='ocrx_word' id='word_1_15' title='bbox 100 415 270 462; x_wconf 70' lang='lat' dir='ltr'><strong>subvenientem</strong></span> <span class='ocrx_word' id='word_1_16' title='bbox 294 416 441 470; x_wconf 82' lang='lat' dir='ltr'><strong>Antiochum,</strong></span> <span class='ocrx_word' id='word_1_17' title='bbox 469 417 614 462; x_wconf 82' lang='lat' dir='ltr'><strong>concessione</strong></span> <span class='ocrx_word' id='word_1_18' title='bbox 637 414 707 468; x_wconf 82' lang='lat' dir='ltr'><strong>Asiae,</strong></span> <span class='ocrx_word' id='word_1_19' title='bbox 729 429 771 477; x_wconf 85' lang='lat' dir='ltr'><strong>per</strong></span> 
     </span>
     <span class='ocr_line' id='line_1_5' title="bbox 102 478 772 543; baseline 0.001 -17"><span class='ocrx_word' id='word_1_20' title='bbox 102 479 180 526; x_wconf 83' lang='lat' dir='ltr'><strong>dolum</strong></span> <span class='ocrx_word' id='word_1_21' title='bbox 191 478 310 537; x_wconf 61' lang='lat' dir='ltr'><strong>avonem</strong></span> <span class='ocrx_word' id='word_1_22' title='bbox 327 496 354 527; x_wconf 88' lang='lat' dir='ltr'><strong>ac</strong></span> <span class='ocrx_word' id='word_1_23' title='bbox 364 497 425 535; x_wconf 85' lang='lat' dir='ltr'><strong>mox,</strong></span> <span class='ocrx_word' id='word_1_24' title='bbox 438 488 510 528; x_wconf 88' lang='lat' dir='ltr'><strong>tracto</strong></span> <span class='ocrx_word' id='word_1_25' title='bbox 521 480 631 543; x_wconf 87' lang='lat' dir='ltr'><strong>Philippo,</strong></span> <span class='ocrx_word' id='word_1_26' title='bbox 643 479 772 527; x_wconf 78' lang='lat' dir='ltr'><strong>Antiochus</strong></span> 
     </span>
     <span class='ocr_line' id='line_1_6' title="bbox 100 543 770 606; baseline -0.003 -14"><span class='ocrx_word' id='word_1_27' title='bbox 100 544 163 592; x_wconf 88' lang='lat' dir='ltr'><strong>omui</strong></span> <span class='ocrx_word' id='word_1_28' title='bbox 174 545 208 590; x_wconf 88' lang='lat' dir='ltr'><strong>cis</strong></span> <span class='ocrx_word' id='word_1_29' title='bbox 218 543 320 592; x_wconf 88' lang='lat' dir='ltr'><strong>Taurum</strong></span> <span class='ocrx_word' id='word_1_30' title='bbox 331 562 387 606; x_wconf 81' lang='lat' dir='ltr'><strong>agro</strong></span> <span class='ocrx_word' id='word_1_31' title='bbox 398 553 421 592; x_wconf 90' lang='lat' dir='ltr'><strong>et</strong></span> <span class='ocrx_word' id='word_1_32' title='bbox 432 546 509 592; x_wconf 87' lang='lat' dir='ltr'><strong>decern</strong></span> <span class='ocrx_word' id='word_1_33' title='bbox 520 545 617 593; x_wconf 86' lang='lat' dir='ltr'><strong>millibus</strong></span> <span class='ocrx_word' id='word_1_34' title='bbox 634 546 770 592; x_wconf 82' lang='lat' dir='ltr'><strong>talentorum</strong></span> 
     </span>
     <span class='ocr_line' id='line_1_7' title="bbox 101 608 771 672; baseline 0.004 -18"><span class='ocrx_word' id='word_1_35' title='bbox 101 608 210 671; x_wconf 83' lang='lat' dir='ltr'><strong>spoliatus</strong></span> <span class='ocrx_word' id='word_1_36' title='bbox 221 618 263 656; x_wconf 74' lang='lat' dir='ltr'><strong>est.</strong></span> <span class='ocrx_word' id='word_1_37' title='bbox 295 609 381 657; x_wconf 89' lang='lat' dir='ltr'><strong>Persen</strong></span> <span class='ocrx_word' id='word_1_38' title='bbox 399 611 485 666; x_wconf 85' lang='lat' dir='ltr'><strong>deinde,</strong></span> <span class='ocrx_word' id='word_1_39' title='bbox 506 610 603 672; x_wconf 89' lang='lat' dir='ltr'><strong>Philippi</strong></span> <span class='ocrx_word' id='word_1_40' title='bbox 621 609 700 664; x_wconf 90' lang='lat' dir='ltr'><strong>filium,</strong></span> <span class='ocrx_word' id='word_1_41' title='bbox 718 617 771 672; x_wconf 89' lang='lat' dir='ltr'><strong>post</strong></span> 
     </span>
     <span class='ocr_line' id='line_1_8' title="bbox 99 673 771 736; baseline 0.004 -17"><span class='ocrx_word' id='word_1_42' title='bbox 99 674 173 720; x_wconf 90' lang='lat' dir='ltr'><strong>multa</strong></span> <span class='ocrx_word' id='word_1_43' title='bbox 184 681 207 720; x_wconf 92' lang='lat' dir='ltr'><strong>et</strong></span> <span class='ocrx_word' id='word_1_44' title='bbox 218 675 280 722; x_wconf 85' lang='lat' dir='ltr'><strong>varia</strong></span> <span class='ocrx_word' id='word_1_45' title='bbox 289 677 418 731; x_wconf 84' lang='lat' dir='ltr'><strong>certamina,</strong></span> <span class='ocrx_word' id='word_1_46' title='bbox 430 676 488 736; x_wconf 91' lang='lat' dir='ltr'><strong>apud</strong></span> <span class='ocrx_word' id='word_1_47' title='bbox 498 676 653 722; x_wconf 77' lang='lat' dir='ltr'><strong>Samothracas</strong></span> <span class='ocrx_word' id='word_1_48' title='bbox 660 673 726 721; x_wconf 88' lang='lat' dir='ltr'><strong>Deos</strong></span> <span class='ocrx_word' id='word_1_49' title='bbox 732 690 771 722; x_wconf 88' lang='lat' dir='ltr'><strong>ac·</strong></span> 
     </span>
     <span class='ocr_line' id='line_1_9' title="bbox 100 739 772 802; baseline 0.006 -19"><span class='ocrx_word' id='word_1_50' title='bbox 100 746 192 800; x_wconf 84' lang='lat' dir='ltr'><strong>ceptum</strong></span> <span class='ocrx_word' id='word_1_51' title='bbox 203 740 227 784; x_wconf 92' lang='lat' dir='ltr'><strong>in</strong></span> <span class='ocrx_word' id='word_1_52' title='bbox 238 739 312 794; x_wconf 86' lang='lat' dir='ltr'><strong>fidem,</strong></span> <span class='ocrx_word' id='word_1_53' title='bbox 327 740 407 795; x_wconf 88' lang='lat' dir='ltr'><strong>callidi,</strong></span> <span class='ocrx_word' id='word_1_54' title='bbox 427 748 450 787; x_wconf 88' lang='lat' dir='ltr'><strong>et</strong></span> <span class='ocrx_word' id='word_1_55' title='bbox 463 748 587 802; x_wconf 83' lang='lat' dir='ltr'><strong>repertores</strong></span> <span class='ocrx_word' id='word_1_56' title='bbox 603 739 709 802; x_wconf 80' lang='lat' dir='ltr'><strong>pertidiae,</strong></span> <span class='ocrx_word' id='word_1_57' title='bbox 720 740 772 801; x_wconf 87' lang='lat' dir='ltr'><strong>quia</strong></span> 
     </span>
    </p>
   </div>
   <div class='ocr_carea' id='block_1_3' title="bbox 2 803 771 866">
    <p class='ocr_par' dir='ltr' id='par_1_3' title="bbox 2 803 771 866">
     <span class='ocr_line' id='line_1_10' title="bbox 2 803 771 866; baseline 0.005 -18"><span class='ocrx_word' id='word_1_58' title='bbox 2 818 12 839; x_wconf 65' lang='lat' dir='ltr'><em>t</em></span> <span class='ocrx_word' id='word_1_59' title='bbox 100 810 169 866; x_wconf 75' lang='lat' dir='ltr'><strong>pacto</strong></span> <span class='ocrx_word' id='word_1_60' title='bbox 182 805 252 850; x_wconf 81' lang='lat' dir='ltr'><strong>vitam</strong></span> <span class='ocrx_word' id='word_1_61' title='bbox 272 804 386 859; x_wconf 85' lang='lat' dir='ltr'><strong>dederant,</strong></span> <span class='ocrx_word' id='word_1_62' title='bbox 407 806 524 852; x_wconf 88' lang='lat' dir='ltr'><strong>insomniis</strong></span> <span class='ocrx_word' id='word_1_63' title='bbox 542 803 650 852; x_wconf 70' lang='lat' dir='ltr'><strong>occidere</strong></span> <span class='ocrx_word' id='word_1_64' title='bbox 682 803 771 852; x_wconf 88' lang='lat' dir='ltr'><strong>Eume·</strong></span> 
     </span>
    </p>
   </div>
   <div class='ocr_carea' id='block_1_4' title="bbox 100 870 838 2688">
    <p class='ocr_par' dir='ltr' id='par_1_4' title="bbox 100 870 838 2688">
     <span class='ocr_line' id='line_1_11' title="bbox 101 870 772 991; baseline 0.003 -11"><span class='ocrx_word' id='word_1_65' title='bbox 101 870 772 991; x_wconf 44' lang='lat' dir='ltr'><strong>ppeeupfflpaamcpggjgeggpmappam</strong></span> 
     </span>
     <span class='ocr_line' id='line_1_12' title="bbox 101 951 772 1062; baseline 0 -16"><span class='ocrx_word' id='word_1_66' title='bbox 101 998 220 1046; x_wconf 81' lang='lat' dir='ltr'><strong>custodem</strong></span> <span class='ocrx_word' id='word_1_67' title='bbox 239 1000 288 1061; x_wconf 81' lang='lat' dir='ltr'><strong>agri</strong></span> <span class='ocrx_word' id='word_1_68' title='bbox 300 951 393 1062; x_wconf 69' lang='lat' dir='ltr'><strong>oclpllvi,</strong></span> <span class='ocrx_word' id='word_1_69' title='bbox 411 1002 521 1048; x_wconf 83' lang='lat' dir='ltr'><strong>sumtibus</strong></span> <span class='ocrx_word' id='word_1_70' title='bbox 538 971 561 1048; x_wconf 81' lang='lat' dir='ltr'><strong>el</strong></span> <span class='ocrx_word' id='word_1_71' title='bbox 577 951 723 1048; x_wconf 72' lang='lat' dir='ltr'><strong>1ddntulneliis</strong></span> <span class='ocrx_word' id='word_1_72' title='bbox 742 1010 772 1047; x_wconf 82' lang='lat' dir='ltr'><strong>ex</strong></span> 
     </span>
     <span class='ocr_line' id='line_1_13' title="bbox 101 1064 774 1126; baseline 0.003 -17"><span class='ocrx_word' id='word_1_73' title='bbox 101 1078 159 1124; x_wconf 82' lang='lat' dir='ltr'><strong>rege</strong></span> <span class='ocrx_word' id='word_1_74' title='bbox 177 1064 333 1111; x_wconf 88' lang='lat' dir='ltr'><strong>miserrumum</strong></span> <span class='ocrx_word' id='word_1_75' title='bbox 356 1081 473 1112; x_wconf 84' lang='lat' dir='ltr'><strong>servorum</strong></span> <span class='ocrx_word' id='word_1_76' title='bbox 494 1064 601 1122; x_wconf 67' lang='lat' dir='ltr'><strong>effecere3</strong></span> <span class='ocrx_word' id='word_1_77' title='bbox 625 1065 774 1126; x_wconf 83' lang='lat' dir='ltr'><strong>simulatoque</strong></span> 
     </span>
     <span class='ocr_line' id='line_1_14' title="bbox 100 1127 773 1200; baseline 0.001 -25"><span class='ocrx_word' id='word_1_78' title='bbox 100 1127 172 1190; x_wconf 89' lang='lat' dir='ltr'><strong>impio</strong></span> <span class='ocrx_word' id='word_1_79' title='bbox 183 1135 325 1184; x_wconf 63' lang='lat' dir='ltr'><strong>manento,</strong></span> <span class='ocrx_word' id='word_1_80' title='bbox 339 1129 410 1176; x_wconf 83' lang='lat' dir='ltr'><strong>filium</strong></span> <span class='ocrx_word' id='word_1_81' title='bbox 426 1132 475 1193; x_wconf 86' lang='lat' dir='ltr'><strong>ejus</strong></span> <span class='ocrx_word' id='word_1_82' title='bbox 492 1131 654 1185; x_wconf 80' lang='lat' dir='ltr'><strong>Aristonicum,</strong></span> <span class='ocrx_word' id='word_1_83' title='bbox 670 1130 722 1192; x_wconf 83' lang='lat' dir='ltr'><strong>quia</strong></span> <span class='ocrx_word' id='word_1_84' title='bbox 730 1145 773 1200; x_wconf 87' lang='lat' dir='ltr'><strong>pa-</strong></span> 
     </span>
     <span class='ocr_line' id='line_1_15' title="bbox 101 1193 773 1257; baseline 0.003 -18"><span class='ocrx_word' id='word_1_85' title='bbox 101 1193 172 1239; x_wconf 91' lang='lat' dir='ltr'><strong>trium</strong></span> <span class='ocrx_word' id='word_1_86' title='bbox 191 1210 287 1257; x_wconf 80' lang='lat' dir='ltr'><strong>regnum</strong></span> <span class='ocrx_word' id='word_1_87' title='bbox 297 1196 414 1257; x_wconf 83' lang='lat' dir='ltr'><strong>petiverat,</strong></span> <span class='ocrx_word' id='word_1_88' title='bbox 433 1196 532 1243; x_wconf 89' lang='lat' dir='ltr'><strong>bostium</strong></span> <span class='ocrx_word' id='word_1_89' title='bbox 547 1210 620 1250; x_wconf 86' lang='lat' dir='ltr'><strong>more,</strong></span> <span class='ocrx_word' id='word_1_90' title='bbox 636 1210 677 1257; x_wconf 93' lang='lat' dir='ltr'><strong>per</strong></span> <span class='ocrx_word' id='word_1_91' title='bbox 692 1194 773 1241; x_wconf 88' lang='lat' dir='ltr'><strong>trium·</strong></span> 
     </span>
     <span class='ocr_line' id='line_1_16' title="bbox 101 1258 774 1322; baseline 0.003 -19"><span class='ocrx_word' id='word_1_92' title='bbox 101 1259 174 1320; x_wconf 90' lang='lat' dir='ltr'><strong>pbum</strong></span> <span class='ocrx_word' id='word_1_93' title='bbox 190 1258 281 1306; x_wconf 67' lang='lat' dir='ltr'><strong>diruere.</strong></span> <span class='ocrx_word' id='word_1_94' title='bbox 313 1260 371 1306; x_wconf 90' lang='lat' dir='ltr'><strong>Asia</strong></span> <span class='ocrx_word' id='word_1_95' title='bbox 380 1263 408 1306; x_wconf 91' lang='lat' dir='ltr'><strong>ab</strong></span> <span class='ocrx_word' id='word_1_96' title='bbox 418 1260 472 1322; x_wconf 86' lang='lat' dir='ltr'><strong>ipsis</strong></span> <span class='ocrx_word' id='word_1_97' title='bbox 491 1260 582 1307; x_wconf 87' lang='lat' dir='ltr'><strong>obsessa</strong></span> <span class='ocrx_word' id='word_1_98' title='bbox 592 1267 640 1306; x_wconf 81' lang='lat' dir='ltr'><strong>est:</strong></span> <span class='ocrx_word' id='word_1_99' title='bbox 659 1266 774 1321; x_wconf 86' lang='lat' dir='ltr'><strong>postremo</strong></span> 
     </span>
     <span class='ocr_line' id='line_1_17' title="bbox 102 1321 774 1386; baseline 0.003 -17"><span class='ocrx_word' id='word_1_100' title='bbox 102 1329 176 1369; x_wconf 85' lang='lat' dir='ltr'><strong>totam</strong></span> <span class='ocrx_word' id='word_1_101' title='bbox 188 1323 326 1386; x_wconf 84' lang='lat' dir='ltr'><strong>Bithyniam,</strong></span> <span class='ocrx_word' id='word_1_102' title='bbox 335 1324 461 1371; x_wconf 88' lang='lat' dir='ltr'><strong>Nicomede</strong></span> <span class='ocrx_word' id='word_1_103' title='bbox 468 1332 564 1379; x_wconf 89' lang='lat' dir='ltr'><strong>mortuo,</strong></span> <span class='ocrx_word' id='word_1_104' title='bbox 577 1321 703 1385; x_wconf 70' lang='lat' dir='ltr'><strong>diripuer03</strong></span> <span class='ocrx_word' id='word_1_105' title='bbox 721 1339 774 1371; x_wconf 88' lang='lat' dir='ltr'><strong>cum</strong></span> 
     </span>
     <span class='ocr_line' id='line_1_18' title="bbox 102 1386 775 1452; baseline 0.003 -18"><span class='ocrx_word' id='word_1_106' title='bbox 102 1386 165 1435; x_wconf 86' lang='lat' dir='ltr'><strong>filius</strong></span> <span class='ocrx_word' id='word_1_107' title='bbox 183 1388 255 1445; x_wconf 75' lang='lat' dir='ltr'><strong>Nusl,</strong></span> <span class='ocrx_word' id='word_1_108' title='bbox 276 1404 342 1450; x_wconf 90' lang='lat' dir='ltr'><strong>quam</strong></span> <span class='ocrx_word' id='word_1_109' title='bbox 364 1390 466 1451; x_wconf 83' lang='lat' dir='ltr'><strong>reginam</strong></span> <span class='ocrx_word' id='word_1_110' title='bbox 488 1389 659 1452; x_wconf 81' lang='lat' dir='ltr'><strong>appellaverant,</strong></span> <span class='ocrx_word' id='word_1_111' title='bbox 683 1389 775 1451; x_wconf 83' lang='lat' dir='ltr'><strong>genitus</strong></span> 
     </span>
     <span class='ocr_line' id='line_1_19' title="bbox 102 1453 775 1517; baseline 0 -18"><span class='ocrx_word' id='word_1_112' title='bbox 102 1453 248 1501; x_wconf 87' lang='lat' dir='ltr'><strong>hauddubie</strong></span> <span class='ocrx_word' id='word_1_113' title='bbox 269 1461 346 1501; x_wconf 61' lang='lat' dir='ltr'><strong>esset&gt;</strong></span> <span class='ocrx_word' id='word_1_114' title='bbox 375 1454 438 1502; x_wconf 88' lang='lat' dir='ltr'><strong>Nam</strong></span> <span class='ocrx_word' id='word_1_115' title='bbox 460 1456 514 1516; x_wconf 89' lang='lat' dir='ltr'><strong>quid</strong></span> <span class='ocrx_word' id='word_1_116' title='bbox 530 1470 574 1517; x_wconf 78' lang='lat' dir='ltr'><strong>ego</strong></span> <span class='ocrx_word' id='word_1_117' title='bbox 592 1469 630 1500; x_wconf 89' lang='lat' dir='ltr'><strong>me</strong></span> <span class='ocrx_word' id='word_1_118' title='bbox 649 1453 775 1515; x_wconf 81' lang='lat' dir='ltr'><strong>appellem?</strong></span> 
     </span>
     <span class='ocr_line' id='line_1_20' title="bbox 103 1518 774 1583; baseline -0.001 -18"><span class='ocrx_word' id='word_1_119' title='bbox 103 1534 180 1579; x_wconf 89' lang='lat' dir='ltr'><strong>quem,</strong></span> <span class='ocrx_word' id='word_1_120' title='bbox 198 1519 333 1582; x_wconf 87' lang='lat' dir='ltr'><strong>disjunctum</strong></span> <span class='ocrx_word' id='word_1_121' title='bbox 351 1520 450 1581; x_wconf 83' lang='lat' dir='ltr'><strong>undiquc</strong></span> <span class='ocrx_word' id='word_1_122' title='bbox 467 1521 544 1583; x_wconf 85' lang='lat' dir='ltr'><strong>regnis</strong></span> <span class='ocrx_word' id='word_1_123' title='bbox 562 1526 585 1566; x_wconf 90' lang='lat' dir='ltr'><strong>et</strong></span> <span class='ocrx_word' id='word_1_124' title='bbox 603 1518 728 1566; x_wconf 88' lang='lat' dir='ltr'><strong>tetrarchiis</strong></span> <span class='ocrx_word' id='word_1_125' title='bbox 746 1519 774 1565; x_wconf 89' lang='lat' dir='ltr'><strong>ab</strong></span> 
     </span>
     <span class='ocr_line' id='line_1_21' title="bbox 102 1584 774 1648; baseline 0.001 -19"><span class='ocrx_word' id='word_1_126' title='bbox 102 1584 200 1648; x_wconf 89' lang='lat' dir='ltr'><strong>imperio</strong></span> <span class='ocrx_word' id='word_1_127' title='bbox 210 1600 295 1640; x_wconf 90' lang='lat' dir='ltr'><strong>eorum,</strong></span> <span class='ocrx_word' id='word_1_128' title='bbox 306 1586 358 1645; x_wconf 88' lang='lat' dir='ltr'><strong>quia</strong></span> <span class='ocrx_word' id='word_1_129' title='bbox 368 1584 428 1632; x_wconf 80' lang='lat' dir='ltr'><strong>fama</strong></span> <span class='ocrx_word' id='word_1_130' title='bbox 438 1593 492 1641; x_wconf 83' lang='lat' dir='ltr'><strong>erat,</strong></span> <span class='ocrx_word' id='word_1_131' title='bbox 505 1586 604 1639; x_wconf 86' lang='lat' dir='ltr'><strong>divitem,</strong></span> <span class='ocrx_word' id='word_1_132' title='bbox 616 1599 689 1645; x_wconf 82' lang='lat' dir='ltr'><strong>nequa</strong></span> <span class='ocrx_word' id='word_1_133' title='bbox 703 1584 774 1630; x_wconf 82' lang='lat' dir='ltr'><strong>servi-</strong></span> 
     </span>
     <span class='ocr_line' id='line_1_22' title="bbox 104 1648 775 1712; baseline 0 -16"><span class='ocrx_word' id='word_1_134' title='bbox 104 1657 183 1698; x_wconf 88' lang='lat' dir='ltr'><strong>turum</strong></span> <span class='ocrx_word' id='word_1_135' title='bbox 205 1664 262 1704; x_wconf 81' lang='lat' dir='ltr'><strong>esse,</strong></span> <span class='ocrx_word' id='word_1_136' title='bbox 285 1665 326 1712; x_wconf 89' lang='lat' dir='ltr'><strong>per</strong></span> <span class='ocrx_word' id='word_1_137' title='bbox 348 1648 496 1698; x_wconf 88' lang='lat' dir='ltr'><strong>Nicomedem</strong></span> <span class='ocrx_word' id='word_1_138' title='bbox 519 1650 578 1698; x_wconf 92' lang='lat' dir='ltr'><strong>bello</strong></span> <span class='ocrx_word' id='word_1_139' title='bbox 599 1650 775 1707; x_wconf 87' lang='lat' dir='ltr'><strong>lacessiverunt;</strong></span> 
     </span>
     <span class='ocr_line' id='line_1_23' title="bbox 102 1712 775 1778; baseline -0.003 -15"><span class='ocrx_word' id='word_1_140' title='bbox 102 1715 198 1763; x_wconf 85' lang='lat' dir='ltr'><strong>sceleris</strong></span> <span class='ocrx_word' id='word_1_141' title='bbox 213 1730 291 1762; x_wconf 87' lang='lat' dir='ltr'><strong>eorum</strong></span> <span class='ocrx_word' id='word_1_142' title='bbox 305 1715 364 1762; x_wconf 82' lang='lat' dir='ltr'><strong>haud</strong></span> <span class='ocrx_word' id='word_1_143' title='bbox 381 1715 492 1778; x_wconf 68' lang='lat' dir='ltr'><strong>ignarm</strong></span> <span class='ocrx_word' id='word_1_144' title='bbox 511 1723 534 1763; x_wconf 91' lang='lat' dir='ltr'><strong>et</strong></span> <span class='ocrx_word' id='word_1_145' title='bbox 551 1731 584 1771; x_wconf 89' lang='lat' dir='ltr'><strong>ea,</strong></span> <span class='ocrx_word' id='word_1_146' title='bbox 599 1730 650 1776; x_wconf 89' lang='lat' dir='ltr'><strong>quae</strong></span> <span class='ocrx_word' id='word_1_147' title='bbox 667 1712 775 1769; x_wconf 69' lang='lat' dir='ltr'><strong>accidere,</strong></span> 
     </span>
     <span class='ocr_line' id='line_1_24' title="bbox 103 1777 776 1844; baseline -0.003 -16"><span class='ocrx_word' id='word_1_148' title='bbox 103 1787 213 1828; x_wconf 81' lang='lat' dir='ltr'><strong>testatum</strong></span> <span class='ocrx_word' id='word_1_149' title='bbox 232 1787 299 1827; x_wconf 87' lang='lat' dir='ltr'><strong>antea</strong></span> <span class='ocrx_word' id='word_1_150' title='bbox 319 1778 440 1828; x_wconf 84' lang='lat' dir='ltr'><strong>Cretenses</strong></span> <span class='ocrx_word' id='word_1_151' title='bbox 453 1781 526 1844; x_wconf 89' lang='lat' dir='ltr'><strong>(solos</strong></span> <span class='ocrx_word' id='word_1_152' title='bbox 541 1781 640 1829; x_wconf 87' lang='lat' dir='ltr'><strong>omnium</strong></span> <span class='ocrx_word' id='word_1_153' title='bbox 657 1781 738 1828; x_wconf 88' lang='lat' dir='ltr'><strong>liberos</strong></span> <span class='ocrx_word' id='word_1_154' title='bbox 749 1777 776 1826; x_wconf 74' lang='lat' dir='ltr'><strong>ei</strong></span> 
     </span>
     <span class='ocr_line' id='line_1_25' title="bbox 103 1842 776 1908; baseline -0.004 -14"><span class='ocrx_word' id='word_1_155' title='bbox 103 1843 258 1907; x_wconf 82' lang='lat' dir='ltr'><strong>tempestate),</strong></span> <span class='ocrx_word' id='word_1_156' title='bbox 269 1853 293 1892; x_wconf 91' lang='lat' dir='ltr'><strong>et</strong></span> <span class='ocrx_word' id='word_1_157' title='bbox 304 1861 382 1907; x_wconf 77' lang='lat' dir='ltr'><strong>regem</strong></span> <span class='ocrx_word' id='word_1_158' title='bbox 389 1842 546 1894; x_wconf 80' lang='lat' dir='ltr'><strong>Ptolemaeum.</strong></span> <span class='ocrx_word' id='word_1_159' title='bbox 562 1847 640 1908; x_wconf 83' lang='lat' dir='ltr'><strong>Atque</strong></span> <span class='ocrx_word' id='word_1_160' title='bbox 650 1861 702 1908; x_wconf 86' lang='lat' dir='ltr'><strong>ego,</strong></span> <span class='ocrx_word' id='word_1_161' title='bbox 716 1845 776 1892; x_wconf 90' lang='lat' dir='ltr'><strong>ultus</strong></span> 
     </span>
     <span class='ocr_line' id='line_1_26' title="bbox 102 1909 779 1974; baseline -0.004 -17"><span class='ocrx_word' id='word_1_162' title='bbox 102 1911 205 1974; x_wconf 85' lang='lat' dir='ltr'><strong>injurias,</strong></span> <span class='ocrx_word' id='word_1_163' title='bbox 224 1909 374 1958; x_wconf 84' lang='lat' dir='ltr'><strong>Nicomedem</strong></span> <span class='ocrx_word' id='word_1_164' title='bbox 396 1909 505 1973; x_wconf 75' lang='lat' dir='ltr'><strong>Bithynia</strong></span> <span class='ocrx_word' id='word_1_165' title='bbox 526 1913 617 1974; x_wconf 71' lang='lat' dir='ltr'><strong>expuli,</strong></span> <span class='ocrx_word' id='word_1_166' title='bbox 643 1911 779 1970; x_wconf 85' lang='lat' dir='ltr'><strong>Asiamque,-</strong></span> 
     </span>
     <span class='ocr_line' id='line_1_27' title="bbox 104 1974 776 2039; baseline -0.001 -17"><span class='ocrx_word' id='word_1_167' title='bbox 104 1976 204 2038; x_wconf 90' lang='lat' dir='ltr'><strong>spolium</strong></span> <span class='ocrx_word' id='word_1_168' title='bbox 220 1976 282 2038; x_wconf 80' lang='lat' dir='ltr'><strong>regis</strong></span> <span class='ocrx_word' id='word_1_169' title='bbox 300 1975 416 2032; x_wconf 74' lang='lat' dir='ltr'><strong>Antiochi,</strong></span> <span class='ocrx_word' id='word_1_170' title='bbox 442 1978 522 2039; x_wconf 86' lang='lat' dir='ltr'><strong>recepi,</strong></span> <span class='ocrx_word' id='word_1_171' title='bbox 545 1986 569 2023; x_wconf 90' lang='lat' dir='ltr'><strong>et</strong></span> <span class='ocrx_word' id='word_1_172' title='bbox 584 1976 682 2024; x_wconf 85' lang='lat' dir='ltr'><strong>Graeciae</strong></span> <span class='ocrx_word' id='word_1_173' title='bbox 704 1974 776 2021; x_wconf 91' lang='lat' dir='ltr'><strong>demsi</strong></span> 
     </span>
     <span class='ocr_line' id='line_1_28' title="bbox 103 2039 811 2105; baseline -0.006 -17"><span class='ocrx_word' id='word_1_174' title='bbox 103 2056 178 2104; x_wconf 82' lang='lat' dir='ltr'><strong>grave</strong></span> <span class='ocrx_word' id='word_1_175' title='bbox 188 2041 313 2088; x_wconf 84' lang='lat' dir='ltr'><strong>servitium.</strong></span> <span class='ocrx_word' id='word_1_176' title='bbox 343 2039 438 2104; x_wconf 85' lang='lat' dir='ltr'><strong>Incepta</strong></span> <span class='ocrx_word' id='word_1_177' title='bbox 453 2057 505 2089; x_wconf 86' lang='lat' dir='ltr'><strong>mea</strong></span> <span class='ocrx_word' id='word_1_178' title='bbox 522 2050 649 2104; x_wconf 85' lang='lat' dir='ltr'><strong>postremus</strong></span> <span class='ocrx_word' id='word_1_179' title='bbox 660 2053 776 2086; x_wconf 84' lang='lat' dir='ltr'><strong>servorum</strong></span> <span class='ocrx_word' id='word_1_180' title='bbox 809 2096 811 2105; x_wconf 41' lang='grc' dir='ltr'>Ι</span> 
     </span>
     <span class='ocr_line' id='line_1_29' title="bbox 104 2105 838 2169; baseline -0.005 -16"><span class='ocrx_word' id='word_1_181' title='bbox 104 2106 241 2159; x_wconf 79' lang='lat' dir='ltr'><strong>Archeliius,</strong></span> <span class='ocrx_word' id='word_1_182' title='bbox 257 2105 357 2154; x_wconf 83' lang='lat' dir='ltr'><strong>exercitu</strong></span> <span class='ocrx_word' id='word_1_183' title='bbox 368 2107 464 2169; x_wconf 89' lang='lat' dir='ltr'><strong>prodito,</strong></span> <span class='ocrx_word' id='word_1_184' title='bbox 474 2107 603 2168; x_wconf 81' lang='lat' dir='ltr'><strong>impedivit:</strong></span> <span class='ocrx_word' id='word_1_185' title='bbox 622 2105 704 2164; x_wconf 90' lang='lat' dir='ltr'><strong>illique,</strong></span> <span class='ocrx_word' id='word_1_186' title='bbox 719 2118 777 2165; x_wconf 88' lang='lat' dir='ltr'><strong>quos</strong></span> <span class='ocrx_word' id='word_1_187' title='bbox 823 2130 838 2139; x_wconf 63' lang='lat'><strong>-=</strong></span> 
     </span>
     <span class='ocr_line' id='line_1_30' title="bbox 103 2168 778 2234; baseline -0.004 -16"><span class='ocrx_word' id='word_1_188' title='bbox 103 2171 248 2234; x_wconf 72' lang='lat' dir='ltr'><strong>ignariaaut</strong></span> <span class='ocrx_word' id='word_1_189' title='bbox 264 2185 333 2232; x_wconf 83' lang='lat' dir='ltr'><strong>prava</strong></span> <span class='ocrx_word' id='word_1_190' title='bbox 351 2172 467 2226; x_wconf 81' lang='lat' dir='ltr'><strong>calliditas,</strong></span> <span class='ocrx_word' id='word_1_191' title='bbox 487 2173 520 2218; x_wconf 91' lang='lat' dir='ltr'><strong>uti</strong></span> <span class='ocrx_word' id='word_1_192' title='bbox 531 2172 588 2217; x_wconf 91' lang='lat' dir='ltr'><strong>meis</strong></span> <span class='ocrx_word' id='word_1_193' title='bbox 602 2168 715 2216; x_wconf 86' lang='lat' dir='ltr'><strong>laboribus</strong></span> <span class='ocrx_word' id='word_1_194' title='bbox 734 2168 778 2216; x_wconf 89' lang='lat' dir='ltr'><strong>tuti</strong></span> 
     </span>
     <span class='ocr_line' id='line_1_31' title="bbox 103 2233 776 2296; baseline -0.001 -13"><span class='ocrx_word' id='word_1_195' title='bbox 103 2242 189 2290; x_wconf 83' lang='lat' dir='ltr'><strong>essent,</strong></span> <span class='ocrx_word' id='word_1_196' title='bbox 201 2235 269 2282; x_wconf 87' lang='lat' dir='ltr'><strong>armis</strong></span> <span class='ocrx_word' id='word_1_197' title='bbox 280 2237 392 2292; x_wconf 84' lang='lat' dir='ltr'><strong>abstinuit,</strong></span> <span class='ocrx_word' id='word_1_198' title='bbox 409 2238 570 2285; x_wconf 87' lang='lat' dir='ltr'><strong>acerbissumas</strong></span> <span class='ocrx_word' id='word_1_199' title='bbox 580 2249 660 2296; x_wconf 86' lang='lat' dir='ltr'><strong>poenas</strong></span> <span class='ocrx_word' id='word_1_200' title='bbox 670 2233 776 2282; x_wconf 82' lang='lat' dir='ltr'><strong>solvunts</strong></span> 
     </span>
     <span class='ocr_line' id='line_1_32' title="bbox 104 2296 781 2367; baseline -0.01 -17"><span class='ocrx_word' id='word_1_201' title='bbox 104 2300 250 2350; x_wconf 82' lang='lat' dir='ltr'><strong>Ptolemaeus</strong></span> <span class='ocrx_word' id='word_1_202' title='bbox 258 2302 330 2363; x_wconf 90' lang='lat' dir='ltr'><strong>pretio</strong></span> <span class='ocrx_word' id='word_1_203' title='bbox 347 2298 417 2367; x_wconf 90' lang='lat' dir='ltr'><strong>[dies]</strong></span> <span class='ocrx_word' id='word_1_204' title='bbox 433 2302 517 2350; x_wconf 86' lang='lat' dir='ltr'><strong>bellurn</strong></span> <span class='ocrx_word' id='word_1_205' title='bbox 533 2300 661 2362; x_wconf 85' lang='lat' dir='ltr'><strong>prolatans3</strong></span> <span class='ocrx_word' id='word_1_206' title='bbox 680 2296 781 2348; x_wconf 62' lang='lat' dir='ltr'><strong>Cretam,</strong></span> 
     </span>
     <span class='ocr_line' id='line_1_33' title="bbox 104 2363 779 2492; baseline -0.003 -14"><span class='ocrx_word' id='word_1_207' title='bbox 104 2366 434 2492; x_wconf 50' lang='lat' dir='ltr'><strong>mmm</strong></span> <span class='ocrx_word' id='word_1_208' title='bbox 445 2363 779 2492; x_wconf 63' lang='lat' dir='ltr'><strong>nutantum</strong></span> 
     </span>
     <span class='ocr_line' id='line_1_34' title="bbox 104 2492 781 2560; baseline -0.009 -17"><span class='ocrx_word' id='word_1_209' title='bbox 104 2496 166 2543; x_wconf 90' lang='lat' dir='ltr'><strong>mala</strong></span> <span class='ocrx_word' id='word_1_210' title='bbox 175 2495 245 2543; x_wconf 85' lang='lat' dir='ltr'><strong>dilata</strong></span> <span class='ocrx_word' id='word_1_211' title='bbox 254 2496 335 2558; x_wconf 86' lang='lat' dir='ltr'><strong>proelia</strong></span> <span class='ocrx_word' id='word_1_212' title='bbox 345 2498 427 2560; x_wconf 78' lang='lat' dir='ltr'><strong>magis,</strong></span> <span class='ocrx_word' id='word_1_213' title='bbox 439 2511 508 2558; x_wconf 85' lang='lat' dir='ltr'><strong>quam</strong></span> <span class='ocrx_word' id='word_1_214' title='bbox 524 2511 601 2558; x_wconf 88' lang='lat' dir='ltr'><strong>pacem</strong></span> <span class='ocrx_word' id='word_1_215' title='bbox 619 2495 700 2549; x_wconf 86' lang='lat' dir='ltr'><strong>datam,</strong></span> <span class='ocrx_word' id='word_1_216' title='bbox 712 2492 781 2539; x_wconf 72' lang='lat' dir='ltr'><strong>intel·</strong></span> 
     </span>
     <span class='ocr_line' id='line_1_35' title="bbox 104 2560 780 2625; baseline -0.01 -18"><span class='ocrx_word' id='word_1_217' title='bbox 104 2561 202 2623; x_wconf 80' lang='lat' dir='ltr'><strong>ligerem</strong></span> <span class='ocrx_word' id='word_1_218' title='bbox 208 2578 217 2618; x_wconf 90' lang='lat'>;</span> <span class='ocrx_word' id='word_1_219' title='bbox 234 2561 346 2608; x_wconf 88' lang='lat' dir='ltr'><strong>abnuente</strong></span> <span class='ocrx_word' id='word_1_220' title='bbox 358 2560 467 2625; x_wconf 80' lang='lat' dir='ltr'><strong>Tigrane,</strong></span> <span class='ocrx_word' id='word_1_221' title='bbox 485 2562 523 2622; x_wconf 92' lang='lat' dir='ltr'><strong>qui</strong></span> <span class='ocrx_word' id='word_1_222' title='bbox 534 2575 585 2608; x_wconf 90' lang='lat' dir='ltr'><strong>mea</strong></span> <span class='ocrx_word' id='word_1_223' title='bbox 595 2560 655 2606; x_wconf 86' lang='lat' dir='ltr'><strong>dieta</strong></span> <span class='ocrx_word' id='word_1_224' title='bbox 666 2572 716 2604; x_wconf 90' lang='lat' dir='ltr'><strong>sero</strong></span> <span class='ocrx_word' id='word_1_225' title='bbox 726 2570 780 2616; x_wconf 87' lang='lat' dir='ltr'><strong>pro·</strong></span> 
     </span>
     <span class='ocr_line' id='line_1_36' title="bbox 103 2623 780 2688; baseline -0.01 -15"><span class='ocrx_word' id='word_1_226' title='bbox 103 2626 150 2680; x_wconf 81' lang='lat' dir='ltr'><strong>bat,</strong></span> <span class='ocrx_word' id='word_1_227' title='bbox 163 2632 188 2672; x_wconf 90' lang='lat' dir='ltr'><strong>te</strong></span> <span class='ocrx_word' id='word_1_228' title='bbox 199 2633 287 2674; x_wconf 88' lang='lat' dir='ltr'><strong>remoto</strong></span> <span class='ocrx_word' id='word_1_229' title='bbox 297 2627 382 2688; x_wconf 81' lang='lat' dir='ltr'><strong>procul,</strong></span> <span class='ocrx_word' id='word_1_230' title='bbox 400 2628 505 2674; x_wconf 89' lang='lat' dir='ltr'><strong>omnibus</strong></span> <span class='ocrx_word' id='word_1_231' title='bbox 521 2626 571 2673; x_wconf 88' lang='lat' dir='ltr'><strong>aliis</strong></span> <span class='ocrx_word' id='word_1_232' title='bbox 581 2623 690 2676; x_wconf 79' lang='lat' dir='ltr'><strong>obnoxiis,</strong></span> <span class='ocrx_word' id='word_1_233' title='bbox 702 2633 780 2666; x_wconf 83' lang='lat' dir='ltr'><strong>rursus</strong></span> 
     </span>
    </p>
   </div>
   <div class='ocr_carea' id='block_1_5' title="bbox 104 2685 784 2802">
    <p class='ocr_par' dir='ltr' id='par_1_5' title="bbox 104 2685 784 2802">
     <span class='ocr_line' id='line_1_37' title="bbox 104 2685 784 2802; baseline -0.013 -61"><span class='ocrx_word' id='word_1_234' title='bbox 104 2699 183 2740; x_wconf 79' lang='lat' dir='ltr'><strong>tamen</strong></span> <span class='ocrx_word' id='word_1_235' title='bbox 192 2691 278 2741; x_wconf 89' lang='lat' dir='ltr'><strong>bellum</strong></span> <span class='ocrx_word' id='word_1_236' title='bbox 289 2692 351 2759; x_wconf 71' lang='lat' dir='ltr'><strong>cepi,</strong></span> <span class='ocrx_word' id='word_1_237' title='bbox 362 2691 526 2753; x_wconf 78' lang='lat' dir='ltr'><strong>Marcumque,</strong></span> <span class='ocrx_word' id='word_1_238' title='bbox 536 2686 636 2802; x_wconf 49' lang='lat' dir='ltr'><strong>{eptam</strong></span> <span class='ocrx_word' id='word_1_239' title='bbox 647 2685 784 2735; x_wconf 73' lang='lat' dir='ltr'><strong>Romamn.</strong></span> 
     </span>
    </p>
   </div>
   <div class='ocr_carea' id='block_1_6' title="bbox 0 0 912 2942">
    <p class='ocr_par' dir='ltr' id='par_1_6' title="bbox 0 0 912 2942">
     <span class='ocr_line' id='line_1_38' title="bbox 0 0 912 2942; baseline 0 0"><span class='ocrx_word' id='word_1_240' title='bbox 0 0 912 2942; x_wconf 95' lang='lat' dir='ltr'><strong> </strong></span> 
     </span>
    </p>
   </div>
  </div>
 </body>
</html>
