1800 2942
162 177 167 182 “
199 183 338 238 merim
354 185 518 238 nnxnnt
535 186 629 239 cns.
698 150 749 240 sao

72 315 198 368 ‚Gratiam
214 319 321 381 ingentes
334 326 411 366 motus
424 334 521 381 passam,
538 333 598 366 nnnc
615 318 745 379 Persem,

70 381 143 432 nunc
155 384 281 437 Gallorum,
293 399 354 430 nunc
365 384 518 431 Macedonum
526 384 603 431 hellisz
623 384 745 434 serlomnis

77 450 119 497 illa
135 448 211 494 ludum
226 448 296 495 luisse
309 450 485 504 existimaturos,
503 450 521 495 si
536 465 571 505 es,
588 464 639 510 quae
650 463 710 496 nunc
720 450 745 496 iu
838 461 844 475 ¹

77 512 149 562 Initii
162 524 280 560 concurrat
292 528 381 570 munus,
398 523 463 560 extre
476 525 559 560 terram
574 514 635 559 illurn
650 530 676 560 se
687 512 744 561 effu-

76 580 144 625 derit.
179 578 279 626 Cernere
300 593 331 632 se,
353 587 536 641 quamcmenta
557 587 581 625 et
602 578 746 641 sanguinariis

74 641 174 690 intense
188 643 245 689 helin
261 644 348 704 utrique
358 643 432 705 populi
448 652 472 690 et
486 644 570 690 viribus
584 644 746 705 copiarum‚‘et

36 749 38 754 .
75 709 161 755 ducum
171 708 266 761 tinibus,
282 716 376 769 gerant:
396 724 449 768 quae
464 709 535 754 rabies
545 706 604 754 finiri
615 708 664 754 solo
674 709 745 771 pertis

75 770 277 819 alteriusinte‘ritu
296 775 344 819 sine
361 772 424 819 ruini
441 772 585 820 finitimorum
601 788 647 819 non
665 775 744 835 possit.

76 836 153 885 Feros
167 838 235 897 igitur
250 837 337 883 enimos
351 838 463 885 victorum
474 841 550 885 minus
560 839 649 898 quidem
661 837 742 886 Mene·

74 903 160 954 doniae.
172 916 237 962 quam
250 901 348 948 Graeciae
359 904 479 957 timendos,
495 904 580 963 quiret
592 903 706 961 remotior,'
718 910 743 950 et

74 968 100 1014 in
111 965 233 1014 vindictam
250 967 284 1012 sui
298 968 409 1014 robustior
423 969 465 1014 sit:
485 970 542 1014 scire
556 976 631 1014 tamen
647 983 678 1022 se,
694 984 742 1023 eos,

73 1033 115 1093 qui
126 1032 194 1077 tentis
206 1031 288 1077 viribus
301 1031 442 1085 concurrent,
455 1047 501 1078 noo
512 1040 632 1079 contentos
642 1033 685 1079 hoc
696 1032 742 1080 fine

72 1097 178 1143 victorine
189 1093 251 1152 l‘ore3
269 1097 459 1158 metuendumque
473 1098 513 1142 sibi
528 1113 616 1156 quoque
627 1104 741 1146 certamen

72 1176 162 1212 eorum.
179 1161 215 1221 qui
234 1161 359 1221 superiores
375 1159 525 1207 exstiterint.”
560 1160 614 1206 Hoc
627 1163 741 1222 praeteittu

70 1226 139 1273 finit'o
150 1241 201 1272 cum
214 1225 300 1271 AEtolis
311 1225 376 1279 hello,
395 1226 449 1271 nihil
462 1226 522 1272 eliud
535 1237 603 1285 qutun
614 1225 738 1273 Poenorum

70 1291 277 1344 Romanorumque
296 1291 354 1337 belle
371 1291 499 1352 respiciens,
522 1290 663 1351 singulorum
679 1291 740 1339 vires

70 1356 231 1419 perpendebat
265 1355 311 1402 Sed
327 1371 369 1402 nee
389 1354 495 1408 Romani.
518 1356 606 1401 tametsi
628 1354 696 1401 Poeni
715 1363 739 1403 et

70 1420 190 1468 Hannibal
206 1422 228 1465 in
240 1421 363 1467 cervicibus
378 1423 450 1473 erum,¹
467 1420 534 1468 soluti
549 1431 611 1466 mem
627 1418 739 1467 Macedo·
771 1437 776 1443 ·

69 1487 124 1533 nico
136 1485 282 1544 videbantur:
298 1487 385 1549 ‘quippe
394 1487 497 1533 *terrebat
511 1502 550 1531 eos
565 1495 588 1532 et
603 1492 668 1531 vetus
683 1483 738 1531 Ms-

69 1551 183 1598 cedonum
202 1551 281 1601 virtus,
296 1559 320 1597 et
336 1551 417 1598 devicti
432 1550 533 1598 Orientis
548 1549 627 1610 glorie,
643 1556 667 1596 et
682 1547 738 1595 Phi·

67 1615 144 1678 lippus
157 1615 234 1661 studio
243 1615 367 1661 Alexandri
378 1616 528 1662 emulationis
542 1615 654 1670 incensus,
670 1628 738 1675 quem

68 1691 185 1742 promtum
198 1680 220 1725 in
231 1679 296 1732 betta.
307 1680 486 1740 industriumque
497 1685 656 1741 cognoverant.

103 1742 150 1791 lv.
170 1742 242 1807 igitur
256 1743 378 1806 Philippus,
396 1761 447 1791 eum
459 1746 539 1791 itereto
549 1745 630 1806 proelio
640 1744 713 1792 victos
723 1759 739 1792 a

70 1808 153 1858 Poenis
176 1808 293 1855 Romanos
315 1810 434 1864 didicisset,
457 1818 534 1870 aperte
552 1810 639 1856 hostem
659 1825 684 1857 se
700 1805 738 1857 his

69 1875 193 1940 professus,
213 1889 288 1927 naves,
304 1875 384 1934 quihus
400 1876 423 1920 in
437 1872 525 1921 ltaliam
540 1875 662 1921 exercitum
674 1876 737 1936 traji-

68 1949 139 1991 ceret,
156 1939 264 1985 subticere
280 1940 355 2000 coepit.
389 1938 502 2001 Legatum
515 1940 594 1986 deinde
605 1939 632 1985 ad
644 1938 736 1985 Hunni·

67 2004 152 2056 belem‚'
174 2004 299 2065 jungendae
322 2005 434 2051 societatis
456 2003 536 2068 gredi,
564 2019 616 2050 cum
637 2002 737 2064 epistolis

68 2071 158 2125 mittit3
173 2069 210 2128 qui
221 2070 403 2129 comprehensus,
421 2079 445 2116 et
456 2071 485 2116 sd
496 2077 598 2115 senatum
608 2068 736 2128 perductus,

68 2134 190 2181 incolumis
207 2133 312 2180 dimissus
328 2143 363 2181 est
386 2150 432 2181 non
449 2135 596 2180 inhonorem
613 2132 680 2193 regis,
697 2132 736 2178 sed

68 2199 273 2250 nedubiusadhuc,
285 2199 421 2246 indubitatus
430 2201 502 2246 hostis
509 2197 644 2243 redderetur.
666 2194 736 2243 Post·

68 2280 98 2311 es
113 2279 174 2316 vero,
192 2278 244 2309 curn
259 2262 370 2311 Romanis
385 2265 512 2310 nuntiatum
528 2271 594 2314 esset,
611 2262 634 2307 in
646 2258 735 2308 Italiam
781 2264 784 2268 ’

69 2328 201 2390 Philippum
218 2330 294 2391 copies
311 2330 462 2391 trajectumm,
480 2327 600 2373 Laerinum
614 2332 735 2387 praetorem

68 2409 122 2442 cum
142 2394 258 2439 instructis
277 2394 371 2440 neribus
389 2394 417 2440 sd
437 2392 598 2455 prohibendum
616 2392 735 2438 transitum
784 2415 787 2426 =

68 2459 170 2506 mittunt
205 2458 319 2511 Quicum
337 2459 360 2504 in
376 2458 490 2505 Grtecinm
508 2457 639 2519 trajecisset,
657 2455 735 2502 multis

66 2523 187 2588 promissis
197 2522 291 2584 impellit
297 2522 391 2569 ‘AEtolos
399 2522 482 2569 bellum
490 2522 598 2569 adversus
604 2520 734 2581 Philippum

66 2588 189 2649 suscipere.
222 2586 339 2650 Philippus
356 2603 445 2651 quoque
462 2587 561 2634 Achaeos
577 2587 601 2632 in
618 2584 736 2631 Romsuo·

66 2668 120 2700 rum
130 2652 188 2699 belle
198 2652 310 2699 sollicitet.
342 2651 433 2700 Interes
443 2659 468 2699 et
478 2651 579 2699 Dsrdsni
591 2647 735 2696 Macedoniis

64 2717 125 2767 fines
140 2724 228 2766 vestare
242 2724 366 2782 coeperunt,
382 2717 527 2779 obductisque
540 2714 623 2779 viginti
636 2711 737 2760 millibus
