1800 2942
251 136 389 190 JUSTINI
405 138 503 189 Iunii.
519 138 611 190 Cura.
716 142 765 190 169
859 159 862 165 ·

93 285 124 334 pe
141 275 253 324 naturum,
271 285 322 317 cum
337 272 435 333 primum
446 271 585 318 incrementa
595 268 676 317 caloris
686 269 764 317 sciri·

93 336 159 398 gosis
169 335 299 397 regionibus
309 336 418 389 distinxit,
438 338 513 383 statim
524 336 553 383 ad
562 336 663 382 locorum
677 334 766 397 patien-

93 402 150 447 tiam
161 400 267 446 animulis
277 415 373 462 quasque
383 400 518 462 generisse:
537 401 577 448 sed
585 408 608 446 et
616 401 719 447 urborum
730 406 766 446 at-

94 481 141 527 que
150 464 244 527 frugum
255 481 297 527 pro
308 466 425 529 regionum
431 466 560 513 conditione
570 473 622 528 apte
629 479 714 528 genera
725 479 766 510 va-

95 531 170 587 riats3
187 538 212 576 et
228 538 312 592 quanto
332 530 424 592 Scythis
440 533 470 578 sit
487 531 570 578 coeium
587 530 687 592 asperius
698 544 766 590 quum

94 595 225 657 AEgyptiiu
243 602 307 641 tanto
323 604 347 642 et
356 611 451 658 corpora
466 603 490 643 et
506 596 598 658 ingenis
607 610 658 642 esse
668 594 766 642 duriora.

95 658 223 714 Caeterum,
236 660 256 707 si
265 662 343 707 mundi
354 677 406 722 quae
417 676 478 708 nunc
488 670 563 723 partes
574 669 634 715 sunt,
645 659 766 721 aliquando

93 727 171 773 unitas
187 724 240 783 fuit,
263 725 312 772 sive
329 726 419 773 illuvies
436 741 543 788 aquarum
561 726 673 788 principio
691 739 767 771 rerum

95 798 168 839 aenas
183 790 275 837 obrutas
292 792 379 849 tenuit3
402 793 451 839 sive
466 792 532 853 ignis,
555 792 594 852 qui
616 798 639 837 et
656 790 767 836 mundum

94 855 184 919 genuit,
202 857 400 918 cunctapossedit,
416 857 533 918 utriusque
543 855 657 919 primordii
669 855 768 917 Scythas

94 921 186 983 origine
196 931 311 982 praestare.
344 921 405 969 Nam
417 923 436 968 si
450 922 511 984 ignis
523 923 596 985 prims
605 920 718 983 possessio
729 934 767 966 re·

93 1001 146 1033 rum
157 985 209 1040 fuit,
221 988 259 1047 qui
271 987 377 1048 paulatim
386 989 520 1043 exstinctus,
533 988 609 1034 sedem
620 986 687 1034 terris
698 985 767 1041 dedit,

93 1051 180 1099 nullm
195 1052 257 1113 prius
274 1067 341 1113 quem
357 1052 568 1116 Septemtrionalem
581 1060 668 1114 partem
686 1051 768 1097 hiemis

94 1117 173 1178 rigore
184 1117 212 1163 ab
223 1118 276 1179 igne
288 1126 411 1175 secretsm3
430 1119 486 1165 adeo
497 1125 523 1165 ut
533 1133 594 1165 nunc
605 1132 694 1178 quoque
705 1115 768 1163 nulla

94 1184 171 1243 magis
182 1182 255 1244 rigeat
270 1182 406 1245 frigoribus:
426 1183 557 1245 AEgyptum
570 1197 631 1235 vero,
649 1188 674 1228 et
691 1188 767 1227 totum

95 1245 216 1293 Orientem
227 1249 354 1297 tardissime
364 1256 529 1310 temperatum:
548 1248 630 1310 quippe
645 1246 684 1307 qui
698 1245 768 1292 etiarn

94 1326 158 1358 nunc
169 1314 264 1360 torrenti
274 1315 350 1361 calore
361 1315 415 1361 solis
425 1320 544 1360 exaestuet.
578 1310 648 1366 Quod
659 1312 677 1357 si
689 1324 769 1357 omnes

94 1377 211 1438 quondam
222 1386 290 1425 terrae
301 1380 423 1426 submersae
433 1377 547 1439 profundo
556 1377 655 1429 fuerunt,
666 1375 769 1438 profecto

94 1442 244 1490 editissimam
271 1459 384 1506 quamque
409 1451 496 1507 partem
518 1441 687 1490 decurrentibus
703 1440 769 1501 aquia

94 1508 195 1570 primum
217 1508 343 1566 detectam
361 1509 488 1556 humillimo
504 1515 580 1555 sutem
600 1505 649 1553 solo
666 1506 769 1552 eamdem

94 1587 178 1634 aquam
190 1573 315 1621 diutissime
325 1576 482 1629 immoratum:
501 1580 525 1621 et
536 1578 622 1636 quanto
633 1572 694 1634 prior
704 1584 769 1631 quse·

94 1653 142 1699 que
148 1652 200 1699 pars
206 1647 315 1686 terrarum
322 1641 444 1693 siccatasit,
450 1647 515 1687 tanto
522 1640 583 1702 prius
590 1636 769 1698 animaliagene·

94 1718 148 1751 rare
155 1705 258 1764 coepisse
271 1704 344 1752 Porro
351 1705 468 1768 Scythiam
477 1706 532 1753 adeo
540 1704 656 1752 editiorem
665 1702 770 1748 omnibus

96 1768 166 1816 terris
183 1784 239 1825 esse,
258 1777 284 1817 ut
299 1779 381 1818 cuncta
397 1770 493 1818 flumina
509 1771 539 1817 ibi
556 1782 609 1817 nata
619 1769 642 1815 in
654 1766 768 1822 Maeotim,

94 1839 147 1880 tum
159 1833 239 1881 deinde
249 1837 273 1881 in
286 1834 407 1883 Ponticum
426 1844 450 1883 et
466 1835 602 1899 AEgyptium
614 1849 677 1880 mare
688 1833 769 1879 decur-

95 1905 157 1946 rant
180 1898 311 1963 AEgyptum
321 1910 405 1955 autem,
416 1917 469 1962 quae
479 1910 514 1948 tot
526 1916 613 1963 regum,
624 1906 660 1946 tot
671 1897 769 1945 seculo-

76 1978 148 2010 ‹rum
160 1962 214 2011 curi
225 1965 371 2028 impensique
384 1967 472 2013 munita
490 1967 526 2020 sit,
544 1974 568 2012 et
584 1965 702 2011 adversum
722 1963 770 2007 vim

94 2029 261 2076 incurrentium
279 2046 386 2092 aquarum
405 2031 474 2078 tentis
491 2031 601 2077 instructu
615 2028 717 2083 molibus,
735 2032 771 2072 tot

94 2092 166 2140 fossis
175 2095 274 2148 concisa,
289 2103 320 2149 ut,
333 2111 384 2142 cum
396 2096 431 2142 his
442 2103 567 2148 arceantur,
579 2094 624 2140 iilis
635 2093 772 2154 recipiantur

95 2173 171 2220 aquae,
183 2159 328 2206 nihilominus
341 2161 393 2216 coli,
411 2161 453 2206 nisi
467 2161 559 2207 excluso
571 2157 633 2211 ΝιῙο,
645 2172 691 2203 non
702 2163 770 2219 potu·

95 2223 148 2277 erit,
164 2237 211 2269 non
228 2239 296 2286 posse
313 2225 384 2272 videri
401 2226 517 2272 hominurn
528 2229 642 2272 vetustate
660 2222 771 2276 ultimam,

95 2303 158 2350 quse,
169 2290 353 2351 nggerstionibus
361 2306 448 2353 regum,
456 2291 504 2336 sive
512 2288 560 2335 Nili
566 2287 676 2335 trahentis
683 2288 771 2342 limum,

96 2361 210 2402 terrarum
228 2355 383 2402 recentissima
398 2353 524 2402 rideatur.”
559 2353 606 2400 His
620 2353 690 2415 igitur
702 2367 771 2414 argu·

96 2419 182 2466 mentis
194 2421 305 2482 superatis
316 2419 441 2484 AEgyptiis,
462 2420 601 2480 antiquiores
612 2433 700 2481 semper
712 2418 772 2477 Scy·

96 2485 146 2532 atre
157 2484 208 2531 visi.

131 2547 169 2595 11.
185 2550 280 2612 Scythia
290 2557 375 2608 autem,
388 2551 412 2597 in
424 2549 542 2597 Orientem
554 2556 663 2611 porrecta,
674 2545 772 2591 includi-

97 2620 137 2662 tur
147 2615 176 2662 sb
186 2630 234 2663 uno
245 2615 315 2662 latere
331 2615 414 2670 Ponto,
430 2622 454 2662 et
467 2616 494 2661 sb
506 2615 576 2661 sltero
587 2612 701 2659 montibus
712 2608 772 2654 Rhi·
836 2658 838 2663 .

96 2680 171 2744 Ρθῖθῐ
188 2694 203 2728 ³
221 2687 288 2746 tergo
304 2679 362 2730 Asia
377 2687 401 2729 et
417 2679 488 2728 Phssi
502 2678 604 2727 flumine.
635 2673 737 2722 Multum
749 2671 787 2716 in1
