1800 2942
254 171 401 224 'JUSTINI
418 172 472 223 Lm.
483 172 518 223 II.
536 173 596 226 Car.
607 180 634 224 4.
737 182 781 227 tol
810 212 812 217 f

108 304 207 370 gloriam
224 305 394 367 concupiscunt.
427 303 520 353 Primus
543 306 635 367 Scythis
651 306 734 354 bellum
746 308 782 355 in·

108 373 169 419 dixit
181 370 297 423 Sesostris,
321 385 361 415 rex
372 369 506 432 AEgyptiua,
525 372 600 418 missis
610 372 683 434 primo
694 372 783 434 legatis,

109 437 149 498 qui
166 436 268 483 hostibus
282 435 374 496 parendi
391 435 466 497 legem
484 436 591 483 dicerent.
624 437 670 485 Sed
682 437 782 498 Scythes,

104 503 155 566 jam
167 508 221 547 ante
232 500 261 546 de
270 500 369 546 adventu
380 500 440 562 regis
458 515 472 547 a
487 500 589 548 finitimis
599 503 707 549 certiores
717 502 781 563 facti,

110 567 195 630 legatis
206 565 350 627 respondent,
362 571 378 593 ‘⁴
386 572 433 611 tam
445 565 545 626 opulenti
556 568 632 629 populi
642 568 721 614 ducem
734 579 781 616 ato-

108 632 156 680 lide
173 631 281 678 sdversus
297 631 376 691 inopes
394 628 517 692 occupdsse
532 632 624 689 bellurn,
636 633 696 693 quod
707 634 782 696 magis

15 745 19 753 ,
110 697 174 745 domi
186 695 255 742 fuerit
271 695 302 743 illi
320 695 460 742 timendum:
479 697 539 758 quod
550 696 602 744 belli
613 705 727 745 certamen
739 714 781 746 an·

108 778 172 826 ceps,
188 760 281 823 praemia
291 761 394 808 victoriae
403 760 473 815 nulla,
495 762 577 809 damna
592 762 711 811 manifesta
728 765 781 813 sint.

108 826 188 891 Igitur
195 840 243 872 non
251 833 420 887 exspectaturos
428 825 533 888 Scythas,
544 827 633 876 dumad
640 830 782 886 seveniatun

109 908 164 942 cum
181 898 245 939 tanto
264 892 305 938 sibi
321 892 386 953 plura
400 892 425 939 iu
441 893 508 939 hoste
524 894 703 956 concupiscenda
720 896 780 953 sint;

109 959 217 1020 ultroque
227 957 310 1019 praedae
319 957 390 1004 ituros
400 956 515 1005 obviam.”
549 958 601 1006 Nec
612 959 671 1007 dicta
682 975 719 1006 res
729 974 780 1008 mo·

108 1031 167 1072 rata.
185 1023 252 1077 Quos
262 1037 315 1069 cum
326 1022 389 1070 tantd
398 1023 597 1071 celeritateveuire
607 1038 648 1071 rex
659 1025 781 1079 didicisset,

107 1088 517 1216 tulttnt‘ttltgtt‘lssttt
526 1090 657 1217 liuilni*
674 1097 782 1215 'titt

107 1215 498 1282 abAEgyptopsludesprohibudre.
531 1216 589 1266 Inde
597 1221 688 1274 reversi,
700 1221 780 1268 Asiam

107 1285 261 1349 perdomitam
269 1284 403 1346 vectigalem
414 1282 496 1337 fecdre,
506 1284 596 1331 modico
605 1284 696 1339 tributo,
708 1287 781 1348 magis

108 1353 136 1400 in
155 1351 245 1398 titulum
262 1351 356 1413 imperii,
374 1364 441 1411 quam
453 1350 476 1395 in
487 1349 589 1396 victoriae
599 1351 724 1412 praemium,
735 1351 780 1397 im·

107 1417 193 1482 posito.
226 1414 363 1469 Quindecim
379 1415 444 1461 anuis
460 1415 568 1477 pacandae
579 1414 643 1462 Astae
660 1416 779 1472 immorati,

110 1495 210 1530 uxorum
221 1479 362 1542 flagitatione
372 1488 514 1535 revocantur,
533 1496 574 1543 per
589 1480 678 1542 legatos
692 1481 779 1527 denun-

106 1547 225 1600 tiantibus,
242 1545 266 1592 ni
279 1545 377 1601 redeant,
396 1545 496 1592 sobolem
508 1561 533 1592 se
543 1560 573 1592 ex
583 1543 684 1591 finitimis
694 1545 779 1605 quasi·
803 1579 809 1596 ι

108 1622 180 1667 tusas,
200 1625 244 1657 nec
261 1625 372 1673 passuras,
392 1617 418 1658 ut
435 1610 460 1656 in
470 1608 624 1673 posteritatem
644 1609 779 1671 Scytharum

105 1693 186 1741 genus
201 1691 242 1738 per
259 1674 355 1722 feminas
371 1675 497 1723 intercidat.
531 1673 578 1722 His
591 1675 662 1736 igitur
673 1677 730 1723 Asia
740 1691 781 1739 per

106 1743 174 1791 mille
190 1741 328 1803 qtdugentos
345 1755 417 1788 anuos
432 1740 552 1802 vectigalis
568 1740 619 1787 fuit.
662 1740 780 1789 Pendendi

105 1807 187 1857 tributi
198 1806 267 1854 finem
279 1805 362 1861 Ninus,
374 1820 416 1853 rex
426 1805 583 1868 Assyriorum,
594 1807 708 1869 imposuit.

142 1871 191 1920 lv.
207 1872 252 1919 sed
265 1872 324 1934 apud
342 1871 439 1932 Scythas
454 1872 529 1919 medlo
545 1879 646 1935 tempore
661 1873 705 1920 duo
723 1872 780 1935 regii

99 1943 211 2004 juvenes,
222 1936 304 1984 Ylinoa
315 1943 339 1983 et
349 1936 484 1998 Scolopitos,
500 1954 541 2000 per
550 1937 671 1985 factionem
683 1938 780 1998 optima·

107 2014 159 2054 tum
166 2004 235 2050 domo
245 2002 311 2064 pulsi,
318 2002 434 2064 ingentem
440 2004 584 2064 juventutem
592 2018 669 2049 secum
677 1999 779 2059 traxdre3

104 2078 132 2120 et
149 2069 174 2116 iu
190 2065 342 2129 Cappadociae
361 2064 400 2114 ord
416 2067 485 2129 juxta
501 2082 592 2114 amnem
609 2066 781 2114 Thermodonta

103 2132 268 2188 comederunt,
285 2132 442 2193 subjectosque
454 2131 624 2193 Themiscyrios
636 2147 728 2194 campos
739 2146 779 2179 oc-

102 2196 229 2263 nupsere.
262 2195 296 2243 lbi
316 2213 356 2258 per
372 2197 457 2244 multos
472 2211 543 2244 annos
562 2197 659 2259 spoliare
672 2196 781 2245 finitimos

106 2264 203 2320 assueti,
220 2262 386 2324 conspiratione
402 2263 537 2324 populorum
551 2277 592 2324 per
608 2262 700 2309 insidias
710 2262 781 2309 truci-

104 2333 200 2379 dantur.
234 2327 326 2374 Hormn
343 2342 433 2380 uxores.
451 2343 502 2374 cum
514 2327 617 2374 viderent
626 2327 706 2375 exsilio
717 2327 780 2374 addi·

106 2405 155 2445 tam
168 2393 294 2447 orbitatem,
305 2408 367 2440 arma
378 2402 484 2450 sumunt;
501 2390 602 2453 finesque
613 2408 673 2447 suos,
688 2393 780 2439 submo-

107 2468 191 2508 ventes
201 2460 281 2521 primo,
293 2472 348 2505 mox
358 2459 426 2505 etiam
437 2455 560 2505 inferentes
570 2457 634 2511 bella,
646 2457 777 2504 defenduut.

107 2526 218 2575 Nubentli
227 2538 318 2585 quoque
327 2522 429 2570 finitimis
442 2524 543 2570 animum
555 2520 664 2579 omisdre3
682 2523 780 2568 servitu·
797 2564 800 2577 ‚

107 2602 164 2646 tem,
175 2606 222 2637 non
233 2589 408 2644 matrimonium,
420 2586 564 2651 appellantes.
598 2586 718 2648 singulare
728 2599 779 2630 om-

107 2660 172 2707 nium
184 2655 319 2702 saeculorum
330 2655 460 2717 exemplum
471 2667 540 2707 ausae,
559 2651 719 2713 rempublicam
730 2648 779 2693 sine

105 2725 169 2778 viria,
176 2714 226 2787 jam
237 2721 306 2769 etiam
320 2735 373 2767 cum
383 2725 502 2769 contemtu
512 2719 621 2828 virpmm,
640 2729 665 2762 se
677 2718 777 2761 utentur.
878 2744 887 2763 1

519 2796 534 2828 s
