1800 2942
131 225 137 230 .
215 165 631 225 JUsTINILraXL1v.cir.s.
717 176 765 221 417

99 315 200 354 reuaeum
212 307 264 353 coit.
296 304 369 353 Porro
381 305 488 367 Pyrenaei
498 305 582 351 montis
599 305 695 366 spatium
712 317 765 349 sea⁴

100 375 167 419 'centa
187 372 258 418 millia
275 385 380 434 passuum
401 371 477 417 efficit.
515 370 637 417 Salubritas
655 368 707 414 coell
725 382 766 428 per

99 448 192 483 omnem
203 435 337 497 Hispaniam
350 436 448 495 aequatis,
463 435 515 497 quia
532 435 589 481 aeris
603 433 694 495 spiritus
705 428 767 478 nunt

98 500 215 563 paludium
228 501 293 561 gravi
310 498 390 546 nebula
406 498 511 545 inficitur.
544 498 600 546 Huc
617 498 725 545 accedunt
743 503 767 543 et

98 565 194 612 marinae
207 579 268 611 aurae
285 565 382 625 undique
398 579 477 611 versus
492 564 575 611 assidui
591 563 667 620 flatus,
685 562 766 623 quibus

99 641 191 677 omnem
203 630 340 692 provinciam
349 630 522 691 penetrantibus,
535 629 657 675 eventilato
665 626 766 673 terrestri

99 694 187 757 spiritu,
206 695 319 757 praecipua
334 694 461 740 hominibus
473 694 556 740 sanitas
571 693 676 739 redditur.
766 693 767 696 ’

134 757 169 804 11.
185 757 286 822 Corpora
308 759 424 805 hominum
443 759 472 805 ad
495 759 591 805 inediam
614 758 764 816 laboremque,

99 824 170 871 animi
189 824 217 871 ad
236 830 339 878 mortem,
359 824 436 886 paratl.
477 822 544 870 Dura
562 823 665 869 omnibus
684 828 708 867 et
725 820 766 867 ad·

100 889 179 936 stricta
198 889 341 950 parcimonia.
377 888 468 935 Bellum
486 903 553 949 quam
573 889 644 934 otium
663 885 764 932 maluntr

100 954 120 1001 si
138 960 258 1000 extraneus
279 953 349 1007 deest,
368 953 429 999 domi
448 954 536 999 hostem
555 959 666 1014 quaerunt.
700 950 768 1011 Saepe

99 1019 220 1074 tormentis
231 1018 376 1081 pro.silcntio
393 1032 468 1063 rerum
484 1018 616 1063 creditarum
635 1015 764 1062 immortuiz

99 1084 158 1130 adeo
184 1082 228 1129 illis
253 1084 331 1145 potior
353 1081 511 1131 taciturnitatis
533 1096 593 1135 cura,
616 1097 684 1141 quarn
705 1079 768 1126 vitae.

100 1145 235 1203 ,celebratur
245 1148 312 1194 etiarn
322 1145 381 1193 bello
399 1145 486 1193 Punico
503 1146 561 1192 servi
576 1145 636 1192 illius
652 1145 766 1206 patientia,

100 1214 147 1275 qui,
163 1213 224 1259 ultus
233 1212 362 1266 dominum,
376 1213 436 1258 inter
452 1217 563 1257 tormenta
577 1210 623 1256 risu
638 1205 773 1264 exemerit*

99 1276 225 1337 serenique
248 1274 327 1323 laetitia
347 1276 500 1324 crudelitatem
525 1275 677 1336 torquentium
703 1274 766 1320 vicit.

98 1341 217 1390 Velocitas
234 1342 297 1406 genti
317 1342 403 1408 pernix,
426 1342 513 1401 inquies
532 1341 634 1387 animus:
662 1338 765 1402 plurimis
848 1387 858 1404 „

98 1408 208 1454 militares
227 1407 284 1467 equi,
302 1414 325 1454 et
340 1421 408 1462 arma,
426 1407 536 1468 sanguine
554 1406 653 1467 ipsorum
672 1404 766 1450 cariora.

98 1471 186 1520 Nullus
202 1472 226 1517 in
244 1471 315 1518 festos
337 1469 384 1517 dies
402 1472 519 1533 epularum
540 1478 664 1533 apparatus.
697 1465 769 1528 Aqui⁴

98 1534 172 1585 calidi
182 1536 257 1590 lavari,
269 1543 320 1597 post
331 1535 455 1582 secundum
465 1535 548 1581 bellum
558 1535 676 1588 Punicum,
689 1549 703 1579 a
713 1532 765 1579 Ro·

99 1602 174 1650 manis
193 1598 296 1647 didicere.
328 1599 356 1646 In
374 1595 436 1647 tanti
455 1599 588 1646 saeculorum
608 1600 671 1654 serie,
690 1597 767 1644 nullus

64 1683 70 1692 ·
98 1668 145 1715 illis
162 1666 207 1712 dux
223 1680 320 1727 magnus
339 1672 423 1727 prater
437 1663 549 1711 Viriatum
568 1664 626 1723 fuit;
643 1664 681 1724 qui
701 1662 767 1712 annis

99 1733 178 1779 decem
190 1730 308 1777 Romanos
319 1729 380 1776 varia
394 1728 489 1776 victorii
504 1729 622 1790 fatigavit:
642 1730 698 1775 adeo
712 1726 767 1776 feris

98 1796 211 1875 propiora,
227 1810 294 1855 quam
312 1795 443 1849 hominibus,
461 1796 552 1856 ingenia
567 1802 657 1856 gerunt.
691 1792 767 1847 Qu‘em

98 1876 182 1925 ipsum,
196 1875 241 1906 nnn
254 1860 339 1921 judicio
355 1860 430 1922 populi
449 1859 552 1914 electum,
573 1860 612 1905 sed
629 1868 654 1906 ut
673 1856 767 1905 cavendi

100 1927 218 1979 scientem,
245 1924 470 1984 declinandorumque
490 1925 639 1986 periculorum
661 1924 770 1985 peritum,

100 1990 174 2038 secuti
186 1997 246 2035 sunt.
278 1987 350 2053 Cujus
360 2003 386 2035 ea
397 1990 469 2035 virtus
480 1990 662 2049 continentiaque
671 1988 721 2043 fuit,
732 1994 767 2042 ut,

99 2070 155 2103 cum
179 2053 308 2101 consulares
322 2054 435 2100 exercitus
450 2054 578 2115 frequenter
594 2054 681 2109 vicerit,
698 2051 768 2098 tantis

99 2121 169 2168 rebus
184 2120 263 2180 gestis,
280 2133 459 2172 continuorum,
474 2134 520 2164 non
536 2118 606 2163 vestis
617 2118 710 2171 cultum,
721 2130 768 2162 non

100 2185 201 2243 denique
218 2184 301 2230 victum
321 2184 457 2240 mutaverit;
477 2183 516 2229 sed
534 2182 602 2229 ineo
620 2183 704 2239 habitu,
723 2195 767 2240 quo

100 2249 201 2314 primum
211 2248 294 2295 bellare
305 2249 379 2310 coepit,
390 2248 580 2310 perseveraverim
598 2255 623 2293 ut
633 2248 706 2308 quivis
714 2260 768 2307 gre·

101 2313 182 2378 gorius
198 2313 263 2359 miles
278 2314 327 2373 ipso
340 2314 475 2375 imperatore
489 2313 615 2375 opulentior
624 2312 744 2358 videretur.

137 2375 188 2424 Ill.
208 2376 236 2423 In
256 2376 371 2424 Lusitanis
384 2379 452 2440 juxta
468 2376 562 2424 fluvium
580 2376 679 2439 Tagum,
698 2383 768 2422 vento

101 2456 177 2504 equas
199 2441 259 2489 fetus
283 2443 400 2504 concipere
423 2442 488 2489 multi
515 2448 618 2489 auctores
644 2440 769 2504 prodidere.

104 2510 169 2563 Quas
185 2506 267 2554 fabulae
285 2522 313 2553 ex
333 2522 439 2568 equarum
461 2507 603 2562 fecunditate,
627 2517 650 2553 et
671 2506 771 2570 gregum

40 2579 45 2584 '
103 2572 251 2623 multitudine
272 2581 332 2619 natae
349 2580 416 2628 sunt3
439 2573 476 2633 qui
496 2573 552 2619 tanti
570 2573 593 2619 in
614 2569 725 2618 Gallaecia
746 2576 771 2617 et

68 2653 71 2658 ·
103 2635 276 2692 Lanuuiana
297 2645 343 2683 tam
364 2638 466 2698 pernices
484 2638 595 2692 visuntur,
615 2645 640 2683 ut
659 2652 705 2683 non
726 2635 770 2682 im·

101 2701 188 2752 merito
206 2709 276 2749 vento
299 2703 349 2766 ipso
376 2703 479 2763 concepti
505 2702 629 2750 videantur.
673 2700 770 2749 Gallaeci

100 2775 182 2820 autem
198 2767 304 2817 Graecam
323 2767 365 2816 cibi
383 2767 494 2831 originem
510 2775 628 2816 asserunt:
653 2767 770 2831 siquidem,
