<?xml version="1.0" encoding="UTF-8"?>
<!DOCTYPE html PUBLIC "-//W3C//DTD XHTML 1.0 Transitional//EN"
    "http://www.w3.org/TR/xhtml1/DTD/xhtml1-transitional.dtd">
<html xmlns="http://www.w3.org/1999/xhtml" xml:lang="en" lang="en">
 <head>
  <title>
</title>
<meta http-equiv="Content-Type" content="text/html;charset=utf-8" />
  <meta name='ocr-system' content='tesseract 3.04.00' />
  <meta name='ocr-capabilities' content='ocr_page ocr_carea ocr_par ocr_line ocrx_word'/>
</head>
<body>
  <div class='ocr_page' id='page_1' title='image "./quaeintegrasupe00grongoog_0205.png"; bbox 0 0 1800 2942; ppageno 0'>
   <div class='ocr_carea' id='block_1_1' title="bbox 253 137 770 193">
    <p class='ocr_par' dir='ltr' id='par_1_1' title="bbox 253 137 770 193">
     <span class='ocr_line' id='line_1_1' title="bbox 253 137 770 193; baseline 0 0"><span class='ocrx_word' id='word_1_1' title='bbox 253 137 392 193; x_wconf 81' lang='lat' dir='ltr'>JUSTINI</span> <span class='ocrx_word' id='word_1_2' title='bbox 408 139 463 188; x_wconf 75' lang='lat' dir='ltr'><strong>Lan.</strong></span> <span class='ocrx_word' id='word_1_3' title='bbox 470 139 506 188; x_wconf 85' lang='lat'><strong>11.</strong></span> <span class='ocrx_word' id='word_1_4' title='bbox 522 139 582 190; x_wconf 74' lang='lat' dir='ltr'><strong>Cur.</strong></span> <span class='ocrx_word' id='word_1_5' title='bbox 591 146 614 191; x_wconf 85' lang='lat'><strong>9.</strong></span> <span class='ocrx_word' id='word_1_6' title='bbox 723 147 770 193; x_wconf 72' lang='lat'><strong>16⁷</strong></span> 
     </span>
    </p>
   </div>
   <div class='ocr_carea' id='block_1_2' title="bbox 95 269 771 464">
    <p class='ocr_par' dir='ltr' id='par_1_2' title="bbox 95 269 771 464">
     <span class='ocr_line' id='line_1_2' title="bbox 95 269 770 334; baseline -0.001 -14"><span class='ocrx_word' id='word_1_7' title='bbox 95 270 164 333; x_wconf 81' lang='lat' dir='ltr'><strong>quasi</strong></span> <span class='ocrx_word' id='word_1_8' title='bbox 176 269 225 325; x_wconf 81' lang='lat' dir='ltr'><strong>sibi,</strong></span> <span class='ocrx_word' id='word_1_9' title='bbox 236 286 282 317; x_wconf 90' lang='lat' dir='ltr'><strong>non</strong></span> <span class='ocrx_word' id='word_1_10' title='bbox 293 271 373 334; x_wconf 82' lang='lat' dir='ltr'><strong>patriae</strong></span> <span class='ocrx_word' id='word_1_11' title='bbox 383 270 633 332; x_wconf 80' lang='lat' dir='ltr'><strong>vicisset,tyrar1l1idenr</strong></span> <span class='ocrx_word' id='word_1_12' title='bbox 643 286 684 334; x_wconf 90' lang='lat' dir='ltr'><strong>per</strong></span> <span class='ocrx_word' id='word_1_13' title='bbox 694 272 770 320; x_wconf 88' lang='lat' dir='ltr'><strong>dolum</strong></span> 
     </span>
     <span class='ocr_line' id='line_1_3' title="bbox 96 332 770 398; baseline 0 -13"><span class='ocrx_word' id='word_1_14' title='bbox 96 343 205 398; x_wconf 86' lang='lat' dir='ltr'><strong>occupat:</strong></span> <span class='ocrx_word' id='word_1_15' title='bbox 225 332 311 398; x_wconf 87' lang='lat' dir='ltr'><strong>quippe</strong></span> <span class='ocrx_word' id='word_1_16' title='bbox 319 337 448 384; x_wconf 84' lang='lat' dir='ltr'><strong>voluntariis</strong></span> <span class='ocrx_word' id='word_1_17' title='bbox 459 337 588 384; x_wconf 86' lang='lat' dir='ltr'><strong>verberibus</strong></span> <span class='ocrx_word' id='word_1_18' title='bbox 598 337 659 384; x_wconf 88' lang='lat' dir='ltr'><strong>domi</strong></span> <span class='ocrx_word' id='word_1_19' title='bbox 670 337 770 392; x_wconf 79' lang='lat' dir='ltr'><strong>affectus,</strong></span> 
     </span>
     <span class='ocr_line' id='line_1_4' title="bbox 95 402 771 464; baseline -0.001 -14"><span class='ocrx_word' id='word_1_20' title='bbox 95 403 242 461; x_wconf 82' lang='lat' dir='ltr'><strong>laceratoque</strong></span> <span class='ocrx_word' id='word_1_21' title='bbox 253 417 354 462; x_wconf 88' lang='lat' dir='ltr'><strong>corpore,</strong></span> <span class='ocrx_word' id='word_1_22' title='bbox 366 403 388 448; x_wconf 91' lang='lat' dir='ltr'><strong>in</strong></span> <span class='ocrx_word' id='word_1_23' title='bbox 400 402 513 464; x_wconf 90' lang='lat' dir='ltr'><strong>publicum</strong></span> <span class='ocrx_word' id='word_1_24' title='bbox 521 403 665 464; x_wconf 83' lang='lat' dir='ltr'><strong>progreditur</strong></span> <span class='ocrx_word' id='word_1_25' title='bbox 674 420 683 448; x_wconf 88' lang='lat'><strong>:-</strong></span> <span class='ocrx_word' id='word_1_26' title='bbox 700 403 771 449; x_wconf 81' lang='lat' dir='ltr'><strong>advo-</strong></span> 
     </span>
    </p>
   </div>
   <div class='ocr_carea' id='block_1_3' title="bbox 95 466 870 595">
    <p class='ocr_par' dir='ltr' id='par_1_3' title="bbox 95 466 870 595">
     <span class='ocr_line' id='line_1_5' title="bbox 96 466 863 529; baseline 0 -15"><span class='ocrx_word' id='word_1_27' title='bbox 96 466 149 514; x_wconf 76' lang='lat' dir='ltr'><strong>cati</strong></span> <span class='ocrx_word' id='word_1_28' title='bbox 156 468 274 520; x_wconf 85' lang='lat' dir='ltr'><strong>concione,</strong></span> <span class='ocrx_word' id='word_1_29' title='bbox 282 467 376 514; x_wconf 86' lang='lat' dir='ltr'><strong>vulnera</strong></span> <span class='ocrx_word' id='word_1_30' title='bbox 382 467 465 529; x_wconf 92' lang='lat' dir='ltr'><strong>populo</strong></span> <span class='ocrx_word' id='word_1_31' title='bbox 477 468 589 515; x_wconf 83' lang='lat' dir='ltr'><strong>ostendit:</strong></span> <span class='ocrx_word' id='word_1_32' title='bbox 605 468 633 514; x_wconf 92' lang='lat' dir='ltr'><strong>de</strong></span> <span class='ocrx_word' id='word_1_33' title='bbox 639 468 771 515; x_wconf 83' lang='lat' dir='ltr'><strong>crudelitate</strong></span> <span class='ocrx_word' id='word_1_34' title='bbox 859 484 863 491; x_wconf 79' lang='grc'><strong>’</strong></span> 
     </span>
     <span class='ocr_line' id='line_1_6' title="bbox 95 532 870 595; baseline 0 -17"><span class='ocrx_word' id='word_1_35' title='bbox 95 532 233 595; x_wconf 77' lang='lat' dir='ltr'><strong>principum,</strong></span> <span class='ocrx_word' id='word_1_36' title='bbox 246 532 350 592; x_wconf 86' lang='lat' dir='ltr'><strong>aquibus</strong></span> <span class='ocrx_word' id='word_1_37' title='bbox 360 533 410 578; x_wconf 74' lang='lat' dir='ltr'><strong>haec</strong></span> <span class='ocrx_word' id='word_1_38' title='bbox 424 548 450 579; x_wconf 88' lang='lat' dir='ltr'><strong>se</strong></span> <span class='ocrx_word' id='word_1_39' title='bbox 460 548 550 594; x_wconf 83' lang='lat' dir='ltr'><strong>passum</strong></span> <span class='ocrx_word' id='word_1_40' title='bbox 559 533 683 586; x_wconf 81' lang='lat' dir='ltr'><strong>simulabat,</strong></span> <span class='ocrx_word' id='word_1_41' title='bbox 694 533 770 594; x_wconf 88' lang='lat' dir='ltr'><strong>queri·</strong></span> <span class='ocrx_word' id='word_1_42' title='bbox 836 578 841 584; x_wconf 82' lang='grc'>,</span> <span class='ocrx_word' id='word_1_43' title='bbox 865 532 870 541; x_wconf 87' lang='grc'><strong>’</strong></span> 
     </span>
    </p>
   </div>
   <div class='ocr_carea' id='block_1_4' title="bbox 74 597 771 2744">
    <p class='ocr_par' dir='ltr' id='par_1_4' title="bbox 93 597 771 921">
     <span class='ocr_line' id='line_1_7' title="bbox 94 597 771 658; baseline 0.001 -14"><span class='ocrx_word' id='word_1_44' title='bbox 94 604 147 644; x_wconf 87' lang='lat' dir='ltr'><strong>tur:</strong></span> <span class='ocrx_word' id='word_1_45' title='bbox 168 597 281 644; x_wconf 88' lang='lat' dir='ltr'><strong>adduntur</strong></span> <span class='ocrx_word' id='word_1_46' title='bbox 291 597 383 643; x_wconf 84' lang='lat' dir='ltr'><strong>vocibus</strong></span> <span class='ocrx_word' id='word_1_47' title='bbox 391 598 506 658; x_wconf 84' lang='lat' dir='ltr'><strong>lacrymae,</strong></span> <span class='ocrx_word' id='word_1_48' title='bbox 517 605 541 644; x_wconf 92' lang='lat' dir='ltr'><strong>et</strong></span> <span class='ocrx_word' id='word_1_49' title='bbox 547 597 659 646; x_wconf 75' lang='lat' dir='ltr'><strong>invidiosi</strong></span> <span class='ocrx_word' id='word_1_50' title='bbox 669 599 771 645; x_wconf 82' lang='lat' dir='ltr'><strong>oratione</strong></span> 
     </span>
     <span class='ocr_line' id='line_1_8' title="bbox 94 661 770 726; baseline 0 -17"><span class='ocrx_word' id='word_1_51' title='bbox 94 661 221 709; x_wconf 88' lang='lat' dir='ltr'><strong>multitudo</strong></span> <span class='ocrx_word' id='word_1_52' title='bbox 231 661 322 710; x_wconf 81' lang='lat' dir='ltr'><strong>credula</strong></span> <span class='ocrx_word' id='word_1_53' title='bbox 332 662 474 710; x_wconf 78' lang='lat' dir='ltr'><strong>accenditur:</strong></span> <span class='ocrx_word' id='word_1_54' title='bbox 494 678 571 710; x_wconf 87' lang='lat' dir='ltr'><strong>amore</strong></span> <span class='ocrx_word' id='word_1_55' title='bbox 583 664 653 726; x_wconf 84' lang='lat' dir='ltr'><strong>plebis</strong></span> <span class='ocrx_word' id='word_1_56' title='bbox 670 664 770 711; x_wconf 85' lang='lat' dir='ltr'><strong>inrisum</strong></span> 
     </span>
     <span class='ocr_line' id='line_1_9' title="bbox 94 725 770 792; baseline 0.003 -18"><span class='ocrx_word' id='word_1_57' title='bbox 94 742 122 774; x_wconf 85' lang='lat' dir='ltr'><strong>se</strong></span> <span class='ocrx_word' id='word_1_58' title='bbox 139 725 229 773; x_wconf 78' lang='lat' dir='ltr'><strong>senatui</strong></span> <span class='ocrx_word' id='word_1_59' title='bbox 247 727 353 773; x_wconf 85' lang='lat' dir='ltr'><strong>affirmat:</strong></span> <span class='ocrx_word' id='word_1_60' title='bbox 373 728 460 774; x_wconf 89' lang='lat' dir='ltr'><strong>obtinet</strong></span> <span class='ocrx_word' id='word_1_61' title='bbox 478 728 506 774; x_wconf 87' lang='lat' dir='ltr'><strong>ad</strong></span> <span class='ocrx_word' id='word_1_62' title='bbox 523 729 648 775; x_wconf 90' lang='lat' dir='ltr'><strong>custodiam</strong></span> <span class='ocrx_word' id='word_1_63' title='bbox 668 730 770 792; x_wconf 85' lang='lat' dir='ltr'><strong>corporis</strong></span> 
     </span>
     <span class='ocr_line' id='line_1_10' title="bbox 93 790 769 857; baseline 0 -16"><span class='ocrx_word' id='word_1_64' title='bbox 93 790 131 841; x_wconf 76' lang='lat' dir='ltr'><strong>sui</strong></span> <span class='ocrx_word' id='word_1_65' title='bbox 142 791 265 838; x_wconf 77' lang='lat' dir='ltr'><strong>satellitum</strong></span> <span class='ocrx_word' id='word_1_66' title='bbox 277 792 400 849; x_wconf 65' lang='lat' dir='ltr'><strong>auxilium</strong></span> <span class='ocrx_word' id='word_1_67' title='bbox 416 808 457 855; x_wconf 87' lang='lat' dir='ltr'><strong>per</strong></span> <span class='ocrx_word' id='word_1_68' title='bbox 464 808 522 854; x_wconf 87' lang='lat' dir='ltr'><strong>quos</strong></span> <span class='ocrx_word' id='word_1_69' title='bbox 527 792 636 857; x_wconf 68' lang='lat' dir='ltr'><strong>occupati</strong></span> <span class='ocrx_word' id='word_1_70' title='bbox 644 793 769 855; x_wconf 79' lang='lat' dir='ltr'><strong>tyrannide,</strong></span> 
     </span>
     <span class='ocr_line' id='line_1_11' title="bbox 94 857 501 921; baseline 0.005 -18"><span class='ocrx_word' id='word_1_71' title='bbox 94 872 137 921; x_wconf 91' lang='lat' dir='ltr'><strong>per</strong></span> <span class='ocrx_word' id='word_1_72' title='bbox 147 870 220 905; x_wconf 83' lang='lat' dir='ltr'><strong>annos</strong></span> <span class='ocrx_word' id='word_1_73' title='bbox 229 857 322 918; x_wconf 78' lang='lat' dir='ltr'><strong>triginta</strong></span> <span class='ocrx_word' id='word_1_74' title='bbox 332 864 378 904; x_wconf 89' lang='lat' dir='ltr'><strong>tres</strong></span> <span class='ocrx_word' id='word_1_75' title='bbox 389 858 501 920; x_wconf 83' lang='lat' dir='ltr'><strong>regnavit.</strong></span> 
     </span>
    </p>

    <p class='ocr_par' dir='ltr' id='par_1_5' title="bbox 88 919 771 2025">
     <span class='ocr_line' id='line_1_12' title="bbox 127 919 771 986; baseline 0.005 -19"><span class='ocrx_word' id='word_1_76' title='bbox 127 919 177 968; x_wconf 82' lang='lat' dir='ltr'><strong>IX.</strong></span> <span class='ocrx_word' id='word_1_77' title='bbox 195 920 253 968; x_wconf 83' lang='lat' dir='ltr'><strong>Post</strong></span> <span class='ocrx_word' id='word_1_78' title='bbox 262 923 311 984; x_wconf 83' lang='lat' dir='ltr'><strong>ejus</strong></span> <span class='ocrx_word' id='word_1_79' title='bbox 322 929 418 969; x_wconf 84' lang='lat' dir='ltr'><strong>mortem</strong></span> <span class='ocrx_word' id='word_1_80' title='bbox 426 922 529 979; x_wconf 81' lang='lat' dir='ltr'><strong>Diocles,</strong></span> <span class='ocrx_word' id='word_1_81' title='bbox 546 924 602 970; x_wconf 82' lang='lat' dir='ltr'><strong>alter</strong></span> <span class='ocrx_word' id='word_1_82' title='bbox 616 938 646 972; x_wconf 87' lang='lat' dir='ltr'><strong>ex</strong></span> <span class='ocrx_word' id='word_1_83' title='bbox 659 923 718 978; x_wconf 82' lang='lat' dir='ltr'><strong>filiis,</strong></span> <span class='ocrx_word' id='word_1_84' title='bbox 729 937 771 986; x_wconf 89' lang='lat' dir='ltr'><strong>per</strong></span> 
     </span>
     <span class='ocr_line' id='line_1_13' title="bbox 93 984 769 1051; baseline 0.003 -17"><span class='ocrx_word' id='word_1_85' title='bbox 93 986 143 1036; x_wconf 85' lang='lat' dir='ltr'><strong>vim</strong></span> <span class='ocrx_word' id='word_1_86' title='bbox 162 984 265 1048; x_wconf 74' lang='lat' dir='ltr'><strong>stuprati</strong></span> <span class='ocrx_word' id='word_1_87' title='bbox 286 987 382 1048; x_wconf 86' lang='lat' dir='ltr'><strong>virgine,</strong></span> <span class='ocrx_word' id='word_1_88' title='bbox 401 1003 414 1035; x_wconf 84' lang='lat' dir='ltr'><strong>n</strong></span> <span class='ocrx_word' id='word_1_89' title='bbox 431 987 503 1035; x_wconf 83' lang='lat' dir='ltr'><strong>fratre</strong></span> <span class='ocrx_word' id='word_1_90' title='bbox 522 989 604 1051; x_wconf 86' lang='lat' dir='ltr'><strong>puellae</strong></span> <span class='ocrx_word' id='word_1_91' title='bbox 629 987 769 1036; x_wconf 79' lang='lat' dir='ltr'><strong>interficitur.</strong></span> 
     </span>
     <span class='ocr_line' id='line_1_14' title="bbox 94 1049 768 1116; baseline -0.001 -16"><span class='ocrx_word' id='word_1_92' title='bbox 94 1052 171 1105; x_wconf 83' lang='lat' dir='ltr'><strong>Alter,</strong></span> <span class='ocrx_word' id='word_1_93' title='bbox 185 1049 283 1113; x_wconf 87' lang='lat' dir='ltr'><strong>Hippias</strong></span> <span class='ocrx_word' id='word_1_94' title='bbox 294 1052 393 1107; x_wconf 89' lang='lat' dir='ltr'><strong>nomine,</strong></span> <span class='ocrx_word' id='word_1_95' title='bbox 405 1068 457 1100; x_wconf 83' lang='lat' dir='ltr'><strong>cunr</strong></span> <span class='ocrx_word' id='word_1_96' title='bbox 472 1054 590 1115; x_wconf 85' lang='lat' dir='ltr'><strong>imperium</strong></span> <span class='ocrx_word' id='word_1_97' title='bbox 601 1062 721 1116; x_wconf 88' lang='lat' dir='ltr'><strong>paternum</strong></span> <span class='ocrx_word' id='word_1_98' title='bbox 732 1062 768 1099; x_wconf 89' lang='lat' dir='ltr'><strong>te·</strong></span> 
     </span>
     <span class='ocr_line' id='line_1_15' title="bbox 94 1116 769 1182; baseline 0.001 -18"><span class='ocrx_word' id='word_1_99' title='bbox 94 1124 169 1170; x_wconf 87' lang='lat' dir='ltr'><strong>neret,</strong></span> <span class='ocrx_word' id='word_1_100' title='bbox 186 1116 354 1163; x_wconf 85' lang='lat' dir='ltr'><strong>interfectorem</strong></span> <span class='ocrx_word' id='word_1_101' title='bbox 371 1116 447 1163; x_wconf 83' lang='lat' dir='ltr'><strong>fratris</strong></span> <span class='ocrx_word' id='word_1_102' title='bbox 466 1120 623 1179; x_wconf 84' lang='lat' dir='ltr'><strong>comprehendi</strong></span> <span class='ocrx_word' id='word_1_103' title='bbox 630 1119 711 1182; x_wconf 86' lang='lat' dir='ltr'><strong>jubet:</strong></span> <span class='ocrx_word' id='word_1_104' title='bbox 730 1118 769 1179; x_wconf 88' lang='lat' dir='ltr'><strong>qul</strong></span> 
     </span>
     <span class='ocr_line' id='line_1_16' title="bbox 92 1184 768 1251; baseline -0.001 -21"><span class='ocrx_word' id='word_1_105' title='bbox 92 1197 146 1231; x_wconf 87' lang='lat' dir='ltr'><strong>cum</strong></span> <span class='ocrx_word' id='word_1_106' title='bbox 158 1195 200 1243; x_wconf 89' lang='lat' dir='ltr'><strong>per</strong></span> <span class='ocrx_word' id='word_1_107' title='bbox 216 1187 331 1228; x_wconf 89' lang='lat' dir='ltr'><strong>tonneota</strong></span> <span class='ocrx_word' id='word_1_108' title='bbox 346 1184 449 1228; x_wconf 88' lang='lat' dir='ltr'><strong>conscios</strong></span> <span class='ocrx_word' id='word_1_109' title='bbox 462 1184 531 1229; x_wconf 82' lang='lat' dir='ltr'><strong>caedis</strong></span> <span class='ocrx_word' id='word_1_110' title='bbox 547 1184 768 1251; x_wconf 75' lang='lat' dir='ltr'><strong>nominarecogere·</strong></span> 
     </span>
     <span class='ocr_line' id='line_1_17' title="bbox 92 1247 768 1310; baseline 0 -16"><span class='ocrx_word' id='word_1_111' title='bbox 92 1254 137 1302; x_wconf 90' lang='lat' dir='ltr'><strong>tur,</strong></span> <span class='ocrx_word' id='word_1_112' title='bbox 154 1261 236 1294; x_wconf 88' lang='lat' dir='ltr'><strong>omnes</strong></span> <span class='ocrx_word' id='word_1_113' title='bbox 253 1247 338 1293; x_wconf 87' lang='lat' dir='ltr'><strong>amicos</strong></span> <span class='ocrx_word' id='word_1_114' title='bbox 347 1247 438 1308; x_wconf 83' lang='lat' dir='ltr'><strong>tyranni</strong></span> <span class='ocrx_word' id='word_1_115' title='bbox 449 1248 588 1294; x_wconf 83' lang='lat' dir='ltr'><strong>nominarit:</strong></span> <span class='ocrx_word' id='word_1_116' title='bbox 607 1248 687 1310; x_wconf 90' lang='lat' dir='ltr'><strong>quibus</strong></span> <span class='ocrx_word' id='word_1_117' title='bbox 697 1249 768 1295; x_wconf 84' lang='lat' dir='ltr'><strong>inter-</strong></span> 
     </span>
     <span class='ocr_line' id='line_1_18' title="bbox 92 1311 767 1373; baseline -0.003 -13"><span class='ocrx_word' id='word_1_118' title='bbox 92 1311 168 1365; x_wconf 81' lang='lat' dir='ltr'><strong>fectis,</strong></span> <span class='ocrx_word' id='word_1_119' title='bbox 193 1313 302 1372; x_wconf 80' lang='lat' dir='ltr'><strong>quaerenti</strong></span> <span class='ocrx_word' id='word_1_120' title='bbox 323 1321 427 1372; x_wconf 85' lang='lat' dir='ltr'><strong>tyranno,</strong></span> <span class='ocrx_word' id='word_1_121' title='bbox 446 1327 475 1359; x_wconf 87' lang='lat' dir='ltr'><strong>an</strong></span> <span class='ocrx_word' id='word_1_122' title='bbox 498 1312 570 1359; x_wconf 86' lang='lat' dir='ltr'><strong>adhuc</strong></span> <span class='ocrx_word' id='word_1_123' title='bbox 592 1313 660 1373; x_wconf 84' lang='lat' dir='ltr'><strong>aliqui</strong></span> <span class='ocrx_word' id='word_1_124' title='bbox 682 1312 767 1359; x_wconf 86' lang='lat' dir='ltr'><strong>conscii</strong></span> 
     </span>
     <span class='ocr_line' id='line_1_19' title="bbox 91 1375 768 1439; baseline 0 -14"><span class='ocrx_word' id='word_1_125' title='bbox 91 1384 178 1432; x_wconf 83' lang='lat' dir='ltr'><strong>assent,</strong></span> <span class='ocrx_word' id='word_1_126' title='bbox 191 1375 315 1424; x_wconf 86' lang='lat' dir='ltr'><strong>Neminem</strong></span> <span class='ocrx_word' id='word_1_127' title='bbox 326 1378 365 1423; x_wconf 69' lang='lat' dir='ltr'><strong>ait&#39;</strong></span> <span class='ocrx_word' id='word_1_128' title='bbox 374 1393 499 1439; x_wconf 85' lang='lat' dir='ltr'><strong>superesse,</strong></span> <span class='ocrx_word' id='word_1_129' title='bbox 516 1391 583 1439; x_wconf 86' lang='lat' dir='ltr'><strong>quem</strong></span> <span class='ocrx_word' id='word_1_130' title='bbox 599 1377 694 1439; x_wconf 85' lang='lat' dir='ltr'><strong>amplius</strong></span> <span class='ocrx_word' id='word_1_131' title='bbox 709 1377 768 1425; x_wconf 86' lang='lat' dir='ltr'><strong>mori</strong></span> 
     </span>
     <span class='ocr_line' id='line_1_20' title="bbox 91 1440 767 1506; baseline 0 -17"><span class='ocrx_word' id='word_1_132' title='bbox 91 1443 185 1506; x_wconf 81' lang='lat' dir='ltr'><strong>gestiat,</strong></span> <span class='ocrx_word' id='word_1_133' title='bbox 196 1457 263 1503; x_wconf 88' lang='lat' dir='ltr'><strong>quam</strong></span> <span class='ocrx_word' id='word_1_134' title='bbox 278 1442 352 1506; x_wconf 87' lang='lat' dir='ltr'><strong>ipsum</strong></span> <span class='ocrx_word' id='word_1_135' title='bbox 367 1450 497 1503; x_wconf 84' lang='lat' dir='ltr'><strong>tyrannum.</strong></span> <span class='ocrx_word' id='word_1_136' title='bbox 532 1440 585 1496; x_wconf 77' lang='lat' dir='ltr'><strong>Qut</strong></span> <span class='ocrx_word' id='word_1_137' title='bbox 595 1457 654 1489; x_wconf 83' lang='lat' dir='ltr'><strong>voca</strong></span> <span class='ocrx_word' id='word_1_138' title='bbox 667 1442 767 1504; x_wconf 80' lang='lat' dir='ltr'><strong>ejusdem</strong></span> 
     </span>
     <span class='ocr_line' id='line_1_21' title="bbox 89 1507 767 1569; baseline -0.001 -14"><span class='ocrx_word' id='word_1_139' title='bbox 89 1523 116 1555; x_wconf 79' lang='lat' dir='ltr'><strong>se</strong></span> <span class='ocrx_word' id='word_1_140' title='bbox 127 1508 220 1569; x_wconf 79' lang='lat' dir='ltr'><strong>tyranni</strong></span> <span class='ocrx_word' id='word_1_141' title='bbox 229 1509 344 1563; x_wconf 85' lang='lat' dir='ltr'><strong>victorem,</strong></span> <span class='ocrx_word' id='word_1_142' title='bbox 357 1515 408 1569; x_wconf 88' lang='lat' dir='ltr'><strong>post</strong></span> <span class='ocrx_word' id='word_1_143' title='bbox 421 1508 544 1554; x_wconf 81' lang='lat' dir='ltr'><strong>vindictam</strong></span> <span class='ocrx_word' id='word_1_144' title='bbox 552 1507 666 1569; x_wconf 71' lang='lat' dir='ltr'><strong>pudicitiae</strong></span> <span class='ocrx_word' id='word_1_145' title='bbox 677 1507 767 1563; x_wconf 86' lang='lat' dir='ltr'><strong>sororis,</strong></span> 
     </span>
     <span class='ocr_line' id='line_1_22' title="bbox 91 1571 767 1634; baseline -0.003 -14"><span class='ocrx_word' id='word_1_146' title='bbox 91 1572 201 1620; x_wconf 74' lang='lat' dir='ltr'><strong>ostendit.</strong></span> <span class='ocrx_word' id='word_1_147' title='bbox 233 1571 311 1634; x_wconf 83' lang='lat' dir='ltr'><strong>Hujus</strong></span> <span class='ocrx_word' id='word_1_148' title='bbox 321 1573 405 1619; x_wconf 86' lang='lat' dir='ltr'><strong>virtute</strong></span> <span class='ocrx_word' id='word_1_149' title='bbox 416 1588 468 1619; x_wconf 90' lang='lat' dir='ltr'><strong>cum</strong></span> <span class='ocrx_word' id='word_1_150' title='bbox 484 1573 598 1619; x_wconf 85' lang='lat' dir='ltr'><strong>admonita</strong></span> <span class='ocrx_word' id='word_1_151' title='bbox 609 1572 689 1619; x_wconf 83' lang='lat' dir='ltr'><strong>ciuitas</strong></span> <span class='ocrx_word' id='word_1_152' title='bbox 699 1572 767 1619; x_wconf 81' lang='lat' dir='ltr'><strong>liber·</strong></span> 
     </span>
     <span class='ocr_line' id='line_1_23' title="bbox 91 1636 766 1700; baseline -0.001 -15"><span class='ocrx_word' id='word_1_153' title='bbox 91 1639 146 1686; x_wconf 83' lang='lat' dir='ltr'><strong>tatis</strong></span> <span class='ocrx_word' id='word_1_154' title='bbox 157 1644 226 1691; x_wconf 79' lang='lat' dir='ltr'><strong>esset,</strong></span> <span class='ocrx_word' id='word_1_155' title='bbox 236 1638 328 1684; x_wconf 88' lang='lat' dir='ltr'><strong>tandem</strong></span> <span class='ocrx_word' id='word_1_156' title='bbox 340 1636 438 1699; x_wconf 88' lang='lat' dir='ltr'><strong>Hippias</strong></span> <span class='ocrx_word' id='word_1_157' title='bbox 446 1653 518 1700; x_wconf 80' lang='lat' dir='ltr'><strong>regno</strong></span> <span class='ocrx_word' id='word_1_158' title='bbox 531 1637 615 1700; x_wconf 83' lang='lat' dir='ltr'><strong>pulsus,</strong></span> <span class='ocrx_word' id='word_1_159' title='bbox 628 1638 652 1683; x_wconf 90' lang='lat' dir='ltr'><strong>in</strong></span> <span class='ocrx_word' id='word_1_160' title='bbox 663 1637 766 1684; x_wconf 57' lang='lat' dir='ltr'><strong>&amp;silium</strong></span> 
     </span>
     <span class='ocr_line' id='line_1_24' title="bbox 89 1700 767 1766; baseline -0.001 -16"><span class='ocrx_word' id='word_1_161' title='bbox 89 1704 183 1766; x_wconf 78' lang='lat' dir='ltr'><strong>agitur:</strong></span> <span class='ocrx_word' id='word_1_162' title='bbox 203 1703 241 1763; x_wconf 92' lang='lat' dir='ltr'><strong>qui</strong></span> <span class='ocrx_word' id='word_1_163' title='bbox 251 1700 367 1764; x_wconf 87' lang='lat' dir='ltr'><strong>profectus</strong></span> <span class='ocrx_word' id='word_1_164' title='bbox 375 1704 398 1748; x_wconf 93' lang='lat' dir='ltr'><strong>in</strong></span> <span class='ocrx_word' id='word_1_165' title='bbox 411 1701 499 1758; x_wconf 85' lang='lat' dir='ltr'><strong>Persas,</strong></span> <span class='ocrx_word' id='word_1_166' title='bbox 509 1703 588 1749; x_wconf 85' lang='lat' dir='ltr'><strong>ducem</strong></span> <span class='ocrx_word' id='word_1_167' title='bbox 598 1719 622 1750; x_wconf 84' lang='lat' dir='ltr'><strong>se</strong></span> <span class='ocrx_word' id='word_1_168' title='bbox 637 1701 717 1757; x_wconf 91' lang='lat' dir='ltr'><strong>Dario,</strong></span> <span class='ocrx_word' id='word_1_169' title='bbox 730 1703 767 1749; x_wconf 61' lang='lat' dir='ltr'><strong>ina</strong></span> 
     </span>
     <span class='ocr_line' id='line_1_25' title="bbox 88 1767 767 1831; baseline 0 -16"><span class='ocrx_word' id='word_1_170' title='bbox 88 1767 173 1815; x_wconf 82' lang='lat' dir='ltr'><strong>ferenti</strong></span> <span class='ocrx_word' id='word_1_171' title='bbox 183 1767 360 1814; x_wconf 76' lang='lat' dir='ltr'><strong>Atheniensibus</strong></span> <span class='ocrx_word' id='word_1_172' title='bbox 369 1767 460 1823; x_wconf 86' lang='lat' dir='ltr'><strong>bellum,</strong></span> <span class='ocrx_word' id='word_1_173' title='bbox 469 1769 534 1815; x_wconf 90' lang='lat' dir='ltr'><strong>sicuti</strong></span> <span class='ocrx_word' id='word_1_174' title='bbox 541 1783 608 1831; x_wconf 85' lang='lat' dir='ltr'><strong>supra</strong></span> <span class='ocrx_word' id='word_1_175' title='bbox 615 1767 767 1830; x_wconf 80' lang='lat' dir='ltr'><strong>significatum</strong></span> 
     </span>
     <span class='ocr_line' id='line_1_26' title="bbox 89 1832 766 1896; baseline -0.001 -15"><span class='ocrx_word' id='word_1_176' title='bbox 89 1840 133 1889; x_wconf 78' lang='lat' dir='ltr'><strong>est,</strong></span> <span class='ocrx_word' id='word_1_177' title='bbox 144 1833 255 1881; x_wconf 74' lang='lat' dir='ltr'><strong>adversus</strong></span> <span class='ocrx_word' id='word_1_178' title='bbox 265 1832 359 1895; x_wconf 84' lang='lat' dir='ltr'><strong>patriam</strong></span> <span class='ocrx_word' id='word_1_179' title='bbox 371 1848 434 1879; x_wconf 85' lang='lat' dir='ltr'><strong>suarn</strong></span> <span class='ocrx_word' id='word_1_180' title='bbox 446 1833 520 1881; x_wconf 81' lang='lat' dir='ltr'><strong>offert.</strong></span> <span class='ocrx_word' id='word_1_181' title='bbox 553 1832 628 1896; x_wconf 82' lang='lat' dir='ltr'><strong>Igitur</strong></span> <span class='ocrx_word' id='word_1_182' title='bbox 639 1832 766 1880; x_wconf 79' lang='lat' dir='ltr'><strong>Athenien-</strong></span> 
     </span>
     <span class='ocr_line' id='line_1_27' title="bbox 89 1897 766 1956; baseline -0.001 -11"><span class='ocrx_word' id='word_1_183' title='bbox 89 1915 136 1955; x_wconf 81' lang='lat' dir='ltr'><strong>ses,</strong></span> <span class='ocrx_word' id='word_1_184' title='bbox 148 1897 227 1945; x_wconf 89' lang='lat' dir='ltr'><strong>audito</strong></span> <span class='ocrx_word' id='word_1_185' title='bbox 238 1897 305 1944; x_wconf 84' lang='lat' dir='ltr'><strong>Darii</strong></span> <span class='ocrx_word' id='word_1_186' title='bbox 316 1897 423 1956; x_wconf 86' lang='lat' dir='ltr'><strong>adventu,</strong></span> <span class='ocrx_word' id='word_1_187' title='bbox 435 1899 542 1946; x_wconf 86' lang='lat' dir='ltr'><strong>auxilium</strong></span> <span class='ocrx_word' id='word_1_188' title='bbox 554 1914 567 1946; x_wconf 88' lang='lat' dir='ltr'><strong>a</strong></span> <span class='ocrx_word' id='word_1_189' title='bbox 578 1897 766 1952; x_wconf 71' lang='lat' dir='ltr'><strong>Lacedaemoniis,</strong></span> 
     </span>
     <span class='ocr_line' id='line_1_28' title="bbox 90 1962 766 2025; baseline -0.003 -13"><span class='ocrx_word' id='word_1_190' title='bbox 90 1962 154 2012; x_wconf 70' lang='lat' dir='ltr'><strong>socii</strong></span> <span class='ocrx_word' id='word_1_191' title='bbox 176 1971 226 2011; x_wconf 88' lang='lat' dir='ltr'><strong>tum</strong></span> <span class='ocrx_word' id='word_1_192' title='bbox 239 1964 337 2019; x_wconf 78' lang='lat' dir='ltr'><strong>civitate,</strong></span> <span class='ocrx_word' id='word_1_193' title='bbox 354 1964 489 2025; x_wconf 80' lang='lat' dir='ltr'><strong>petiverunt.</strong></span> <span class='ocrx_word' id='word_1_194' title='bbox 522 1964 588 2019; x_wconf 84' lang='lat' dir='ltr'><strong>Quos</strong></span> <span class='ocrx_word' id='word_1_195' title='bbox 603 1965 641 2011; x_wconf 88' lang='lat' dir='ltr'><strong>ubi</strong></span> <span class='ocrx_word' id='word_1_196' title='bbox 660 1963 766 2010; x_wconf 79' lang='lat' dir='ltr'><strong>viderunt</strong></span> 
     </span>
    </p>

    <p class='ocr_par' dir='ltr' id='par_1_6' title="bbox 74 2027 770 2744">
     <span class='ocr_line' id='line_1_29' title="bbox 74 2027 766 2091; baseline 0.001 -18"><span class='ocrx_word' id='word_1_197' title='bbox 74 2027 202 2091; x_wconf 48' lang='lat' dir='ltr'><strong>,quatridui</strong></span> <span class='ocrx_word' id='word_1_198' title='bbox 214 2029 285 2075; x_wconf 87' lang='lat' dir='ltr'><strong>teneri</strong></span> <span class='ocrx_word' id='word_1_199' title='bbox 296 2029 414 2089; x_wconf 83' lang='lat' dir='ltr'><strong>religione,</strong></span> <span class='ocrx_word' id='word_1_200' title='bbox 429 2045 475 2076; x_wconf 94' lang='lat' dir='ltr'><strong>non</strong></span> <span class='ocrx_word' id='word_1_201' title='bbox 486 2029 617 2091; x_wconf 84' lang='lat' dir='ltr'><strong>exspectato</strong></span> <span class='ocrx_word' id='word_1_202' title='bbox 628 2028 718 2081; x_wconf 84' lang='lat' dir='ltr'><strong>auxilio,</strong></span> <span class='ocrx_word' id='word_1_203' title='bbox 730 2029 766 2074; x_wconf 88' lang='lat' dir='ltr'><strong>in-</strong></span> 
     </span>
     <span class='ocr_line' id='line_1_30' title="bbox 88 2092 765 2148; baseline -0.003 -7"><span class='ocrx_word' id='word_1_204' title='bbox 88 2094 184 2141; x_wconf 82' lang='lat' dir='ltr'><strong>structis</strong></span> <span class='ocrx_word' id='word_1_205' title='bbox 195 2092 273 2140; x_wconf 89' lang='lat' dir='ltr'><strong>decem</strong></span> <span class='ocrx_word' id='word_1_206' title='bbox 282 2093 379 2140; x_wconf 83' lang='lat' dir='ltr'><strong>millibus</strong></span> <span class='ocrx_word' id='word_1_207' title='bbox 390 2095 481 2148; x_wconf 83' lang='lat' dir='ltr'><strong>civium,</strong></span> <span class='ocrx_word' id='word_1_208' title='bbox 494 2105 517 2141; x_wconf 89' lang='lat' dir='ltr'><strong>et</strong></span> <span class='ocrx_word' id='word_1_209' title='bbox 529 2093 693 2141; x_wconf 82' lang='lat' dir='ltr'><strong>Plataeensibus</strong></span> <span class='ocrx_word' id='word_1_210' title='bbox 701 2094 765 2139; x_wconf 84' lang='lat' dir='ltr'><strong>auxi·</strong></span> 
     </span>
     <span class='ocr_line' id='line_1_31' title="bbox 86 2158 765 2213; baseline -0.001 -7"><span class='ocrx_word' id='word_1_211' title='bbox 86 2160 182 2207; x_wconf 82' lang='lat' dir='ltr'><strong>liaribus</strong></span> <span class='ocrx_word' id='word_1_212' title='bbox 204 2159 272 2213; x_wconf 88' lang='lat' dir='ltr'><strong>mille,</strong></span> <span class='ocrx_word' id='word_1_213' title='bbox 288 2159 395 2205; x_wconf 81' lang='lat' dir='ltr'><strong>adversus</strong></span> <span class='ocrx_word' id='word_1_214' title='bbox 413 2167 521 2206; x_wconf 83' lang='lat' dir='ltr'><strong>sexcenta</strong></span> <span class='ocrx_word' id='word_1_215' title='bbox 537 2158 606 2204; x_wconf 89' lang='lat' dir='ltr'><strong>millia</strong></span> <span class='ocrx_word' id='word_1_216' title='bbox 624 2158 722 2204; x_wconf 88' lang='lat' dir='ltr'><strong>hostiurn</strong></span> <span class='ocrx_word' id='word_1_217' title='bbox 740 2159 765 2205; x_wconf 90' lang='lat' dir='ltr'><strong>in</strong></span> 
     </span>
     <span class='ocr_line' id='line_1_32' title="bbox 87 2222 765 2287; baseline -0.003 -15"><span class='ocrx_word' id='word_1_218' title='bbox 87 2239 184 2287; x_wconf 85' lang='lat' dir='ltr'><strong>campos</strong></span> <span class='ocrx_word' id='word_1_219' title='bbox 195 2222 355 2271; x_wconf 81' lang='lat' dir='ltr'><strong>Marathonioo</strong></span> <span class='ocrx_word' id='word_1_220' title='bbox 365 2226 388 2270; x_wconf 91' lang='lat' dir='ltr'><strong>in</strong></span> <span class='ocrx_word' id='word_1_221' title='bbox 399 2225 504 2286; x_wconf 87' lang='lat' dir='ltr'><strong>proelium</strong></span> <span class='ocrx_word' id='word_1_222' title='bbox 522 2223 675 2286; x_wconf 87' lang='lat' dir='ltr'><strong>egrediuntur.</strong></span> <span class='ocrx_word' id='word_1_223' title='bbox 708 2223 765 2271; x_wconf 90' lang='lat' dir='ltr'><strong>Mil·</strong></span> 
     </span>
     <span class='ocr_line' id='line_1_33' title="bbox 88 2289 765 2351; baseline -0.004 -13"><span class='ocrx_word' id='word_1_224' title='bbox 88 2290 162 2338; x_wconf 80' lang='lat' dir='ltr'><strong>tiades</strong></span> <span class='ocrx_word' id='word_1_225' title='bbox 178 2295 201 2335; x_wconf 94' lang='lat' dir='ltr'><strong>et</strong></span> <span class='ocrx_word' id='word_1_226' title='bbox 218 2289 265 2334; x_wconf 84' lang='lat' dir='ltr'><strong>dux</strong></span> <span class='ocrx_word' id='word_1_227' title='bbox 282 2289 333 2335; x_wconf 90' lang='lat' dir='ltr'><strong>belli</strong></span> <span class='ocrx_word' id='word_1_228' title='bbox 350 2297 404 2343; x_wconf 85' lang='lat' dir='ltr'><strong>erat,</strong></span> <span class='ocrx_word' id='word_1_229' title='bbox 420 2300 443 2336; x_wconf 91' lang='lat' dir='ltr'><strong>et</strong></span> <span class='ocrx_word' id='word_1_230' title='bbox 459 2295 538 2337; x_wconf 86' lang='lat' dir='ltr'><strong>auctor</strong></span> <span class='ocrx_word' id='word_1_231' title='bbox 555 2302 601 2335; x_wconf 91' lang='lat' dir='ltr'><strong>non</strong></span> <span class='ocrx_word' id='word_1_232' title='bbox 621 2289 765 2351; x_wconf 84' lang='lat' dir='ltr'><strong>exspectandi</strong></span> 
     </span>
     <span class='ocr_line' id='line_1_34' title="bbox 88 2353 765 2416; baseline -0.004 -14"><span class='ocrx_word' id='word_1_233' title='bbox 88 2354 182 2402; x_wconf 80' lang='lat' dir='ltr'><strong>auxilii:</strong></span> <span class='ocrx_word' id='word_1_234' title='bbox 202 2368 270 2414; x_wconf 87' lang='lat' dir='ltr'><strong>quem</strong></span> <span class='ocrx_word' id='word_1_235' title='bbox 282 2361 344 2401; x_wconf 78' lang='lat' dir='ltr'><strong>tanta</strong></span> <span class='ocrx_word' id='word_1_236' title='bbox 360 2353 442 2400; x_wconf 83' lang='lat' dir='ltr'><strong>fiducia</strong></span> <span class='ocrx_word' id='word_1_237' title='bbox 458 2362 554 2416; x_wconf 77' lang='lat' dir='ltr'><strong>ceperat,</strong></span> <span class='ocrx_word' id='word_1_238' title='bbox 569 2360 594 2400; x_wconf 91' lang='lat' dir='ltr'><strong>ut</strong></span> <span class='ocrx_word' id='word_1_239' title='bbox 606 2354 656 2414; x_wconf 88' lang='lat' dir='ltr'><strong>plus</strong></span> <span class='ocrx_word' id='word_1_240' title='bbox 667 2353 765 2416; x_wconf 82' lang='lat' dir='ltr'><strong>praesidii</strong></span> 
     </span>
     <span class='ocr_line' id='line_1_35' title="bbox 88 2418 770 2482; baseline -0.003 -15"><span class='ocrx_word' id='word_1_241' title='bbox 88 2421 112 2467; x_wconf 89' lang='lat' dir='ltr'><strong>iu</strong></span> <span class='ocrx_word' id='word_1_242' title='bbox 124 2419 248 2473; x_wconf 82' lang='lat' dir='ltr'><strong>eeleritate,</strong></span> <span class='ocrx_word' id='word_1_243' title='bbox 260 2433 326 2480; x_wconf 86' lang='lat' dir='ltr'><strong>qnam</strong></span> <span class='ocrx_word' id='word_1_244' title='bbox 337 2420 361 2465; x_wconf 89' lang='lat' dir='ltr'><strong>in</strong></span> <span class='ocrx_word' id='word_1_245' title='bbox 372 2420 445 2474; x_wconf 81' lang='lat' dir='ltr'><strong>sociis,</strong></span> <span class='ocrx_word' id='word_1_246' title='bbox 463 2419 561 2466; x_wconf 82' lang='lat' dir='ltr'><strong>duceret.</strong></span> <span class='ocrx_word' id='word_1_247' title='bbox 595 2418 684 2481; x_wconf 83' lang='lat' dir='ltr'><strong>Magna</strong></span> <span class='ocrx_word' id='word_1_248' title='bbox 695 2420 770 2482; x_wconf 74' lang='lat' dir='ltr'><strong>igitua</strong></span> 
     </span>
     <span class='ocr_line' id='line_1_36' title="bbox 87 2483 765 2547; baseline -0.004 -16"><span class='ocrx_word' id='word_1_249' title='bbox 87 2485 112 2531; x_wconf 92' lang='lat' dir='ltr'><strong>in</strong></span> <span class='ocrx_word' id='word_1_250' title='bbox 124 2498 226 2547; x_wconf 81' lang='lat' dir='ltr'><strong>pugnam</strong></span> <span class='ocrx_word' id='word_1_251' title='bbox 237 2484 342 2531; x_wconf 85' lang='lat' dir='ltr'><strong>euntibus</strong></span> <span class='ocrx_word' id='word_1_252' title='bbox 352 2484 455 2545; x_wconf 82' lang='lat' dir='ltr'><strong>alacritas</strong></span> <span class='ocrx_word' id='word_1_253' title='bbox 465 2485 591 2531; x_wconf 88' lang='lat' dir='ltr'><strong>animorum</strong></span> <span class='ocrx_word' id='word_1_254' title='bbox 602 2483 652 2538; x_wconf 74' lang='lat' dir='ltr'><strong>suit,</strong></span> <span class='ocrx_word' id='word_1_255' title='bbox 664 2483 720 2529; x_wconf 86' lang='lat' dir='ltr'><strong>adeo</strong></span> <span class='ocrx_word' id='word_1_256' title='bbox 732 2489 765 2537; x_wconf 82' lang='lat' dir='ltr'><strong>ut,</strong></span> 
     </span>
     <span class='ocr_line' id='line_1_37' title="bbox 89 2548 764 2611; baseline -0.007 -15"><span class='ocrx_word' id='word_1_257' title='bbox 89 2564 142 2596; x_wconf 82' lang='lat' dir='ltr'><strong>eum</strong></span> <span class='ocrx_word' id='word_1_258' title='bbox 154 2548 217 2596; x_wconf 86' lang='lat' dir='ltr'><strong>mille</strong></span> <span class='ocrx_word' id='word_1_259' title='bbox 227 2564 306 2611; x_wconf 87' lang='lat' dir='ltr'><strong>passus</strong></span> <span class='ocrx_word' id='word_1_260' title='bbox 316 2551 376 2596; x_wconf 89' lang='lat' dir='ltr'><strong>inter</strong></span> <span class='ocrx_word' id='word_1_261' title='bbox 386 2550 441 2597; x_wconf 90' lang='lat' dir='ltr'><strong>duas</strong></span> <span class='ocrx_word' id='word_1_262' title='bbox 452 2551 512 2596; x_wconf 86' lang='lat' dir='ltr'><strong>acies</strong></span> <span class='ocrx_word' id='word_1_263' title='bbox 528 2557 611 2603; x_wconf 83' lang='lat' dir='ltr'><strong>essent,</strong></span> <span class='ocrx_word' id='word_1_264' title='bbox 620 2549 688 2594; x_wconf 84' lang='lat' dir='ltr'><strong>citato</strong></span> <span class='ocrx_word' id='word_1_265' title='bbox 697 2559 764 2592; x_wconf 86' lang='lat' dir='ltr'><strong>cursu</strong></span> 
     </span>
     <span class='ocr_line' id='line_1_38' title="bbox 89 2607 765 2682; baseline -0.012 -20"><span class='ocrx_word' id='word_1_266' title='bbox 89 2623 143 2662; x_wconf 80' lang='lat' dir='ltr'><strong>aute</strong></span> <span class='ocrx_word' id='word_1_267' title='bbox 156 2616 247 2677; x_wconf 83' lang='lat' dir='ltr'><strong>jactum</strong></span> <span class='ocrx_word' id='word_1_268' title='bbox 265 2615 398 2677; x_wconf 78' lang='lat' dir='ltr'><strong>sagittarum</strong></span> <span class='ocrx_word' id='word_1_269' title='bbox 417 2615 445 2661; x_wconf 91' lang='lat' dir='ltr'><strong>ad</strong></span> <span class='ocrx_word' id='word_1_270' title='bbox 464 2616 553 2662; x_wconf 86' lang='lat' dir='ltr'><strong>hostem</strong></span> <span class='ocrx_word' id='word_1_271' title='bbox 568 2611 679 2660; x_wconf 85' lang='lat' dir='ltr'><strong>venerint.</strong></span> <span class='ocrx_word' id='word_1_272' title='bbox 711 2607 765 2682; x_wconf 76' lang='lat' dir='ltr'><strong>Nec</strong></span> 
     </span>
     <span class='ocr_line' id='line_1_39' title="bbox 88 2679 763 2744; baseline -0.001 -14"><span class='ocrx_word' id='word_1_273' title='bbox 88 2680 197 2739; x_wconf 60' lang='lat' dir='ltr'><strong>adscire</strong></span> <span class='ocrx_word' id='word_1_274' title='bbox 211 2681 261 2744; x_wconf 86' lang='lat' dir='ltr'><strong>ejus</strong></span> <span class='ocrx_word' id='word_1_275' title='bbox 278 2688 373 2730; x_wconf 79' lang='lat' dir='ltr'><strong>eventus</strong></span> <span class='ocrx_word' id='word_1_276' title='bbox 392 2679 479 2731; x_wconf 76' lang='lat' dir='ltr'><strong>defuit:</strong></span> <span class='ocrx_word' id='word_1_277' title='bbox 505 2685 633 2743; x_wconf 79' lang='lat' dir='ltr'><strong>pugnatum</strong></span> <span class='ocrx_word' id='word_1_278' title='bbox 649 2680 684 2721; x_wconf 70' lang='lat' dir='ltr'><strong>etl</strong></span> <span class='ocrx_word' id='word_1_279' title='bbox 703 2685 763 2720; x_wconf 67' lang='lat' dir='ltr'><strong>emm</strong></span> 
     </span>
    </p>
   </div>
   <div class='ocr_carea' id='block_1_5' title="bbox 867 2654 883 2724">
    <p class='ocr_par' dir='ltr' id='par_1_7' title="bbox 867 2654 883 2724">
     <span class='ocr_line' id='line_1_40' title="bbox 867 2654 883 2724; baseline 0 0"><span class='ocrx_word' id='word_1_280' title='bbox 867 2654 883 2724; x_wconf 80' lang='lat'>1</span> 
     </span>
    </p>
   </div>
   <div class='ocr_carea' id='block_1_6' title="bbox 0 0 904 2942">
    <p class='ocr_par' dir='ltr' id='par_1_8' title="bbox 0 0 904 2942">
     <span class='ocr_line' id='line_1_41' title="bbox 0 0 904 2942; baseline 0 1"><span class='ocrx_word' id='word_1_281' title='bbox 0 0 904 2942; x_wconf 95' lang='lat' dir='ltr'><strong> </strong></span> 
     </span>
    </p>
   </div>
  </div>
 </body>
</html>
