1800 2942
176 154 224 200 288
294 142 429 198 JUSTINI
446 145 500 192 Lm.
507 139 608 191 XVIII.
625 140 718 193 Cant.

176 281 205 330 'ad
215 287 352 343 postremum
363 276 502 324 dissimulato
516 274 574 330 odio,
590 274 739 337 mitigatoque
749 273 840 323 interim

176 347 249 398 vultu,
269 344 348 407 fugam
369 345 438 389 tacita
458 341 555 393 molitur,
581 339 685 387 assumtio
707 339 839 399 quibusdam

177 410 313 474 principibus
323 409 347 455 in
358 408 495 459 societatem,
507 405 586 465 quibua
594 419 634 466 par
642 404 717 450 odium
726 405 749 450 in
762 420 839 467 regem

176 491 233 530 aare,
249 473 395 533 eamdemque
404 471 505 533 fugiendi
520 469 668 531 cupiditatem,
686 469 841 516 arbitrabatur.

178 539 245 588 Tune
262 537 353 585 fratrem
373 536 424 583 dolo
442 535 584 598 aggreditur:
604 532 677 595 lingit,
695 547 720 580 ae
739 534 769 580 ad
788 549 838 581 eum

176 606 274 667 migrare
288 602 353 655 velle,
370 616 400 647 ne
414 601 509 662 ampliua
523 599 544 645 ei
558 598 631 644 mariti
646 598 734 651 domus,
752 599 838 660 cupide

177 667 304 724 oblivionis,
325 681 418 728 gravem
439 664 514 717 lucilla
531 663 653 724 imaginem
673 670 776 719 renovet,
799 677 838 710 nee

177 735 235 782 ultra
251 746 325 778 amara
343 730 464 777 admonitio
483 727 554 775 oculis
573 728 621 789 ejus
639 734 750 774 occurrat.
785 727 838 775 Non
896 756 897 779 r

175 799 260 846 inuitus
272 795 408 857 Pygmalion
422 795 490 840 verba
504 792 586 838 aororia
597 791 688 843 audivit,
705 793 838 840 existimans

176 878 228 910 cum
246 859 272 908 ei
291 867 314 906 et
332 874 410 905 aurum
431 858 526 904 Acerbae
545 856 573 903 ad
590 871 615 902 ee
631 862 761 902 venturum.
795 857 838 906 Sed

174 926 251 976 Elieaa
261 925 374 971 ministros
384 922 532 984 migmtionia,
549 936 563 967 a
573 935 627 982 rege
638 920 727 974 mieaoa,
744 924 837 969 navibus

173 1000 227 1039 'cum
247 989 349 1036 omnibus
368 987 446 1048 opibue
466 987 512 1033 auia
528 982 600 1046 primi
617 983 711 1045 vesperi
728 986 838 1047 imponit;
896 1034 897 1045 q

171 1062 323 1119 provectuque
331 1053 354 1098 in
364 1052 441 1105 altum,
453 1050 567 1111 compellit
578 1064 617 1096 eoa
628 1064 696 1096 onera
708 1063 786 1097 arenae
797 1065 837 1114 pro
896 1076 897 1115 q

173 1116 268 1184 pecunid
277 1118 400 1164 involucris
410 1116 512 1163 involuta
525 1115 550 1160 in
564 1129 625 1160 mare
635 1113 740 1176 dejicere.
772 1113 838 1163 Tune
896 1158 897 1163 ,

174 1185 260 1234 deflens
277 1184 326 1246 ipea
342 1181 475 1243 lugubrique
491 1194 547 1226 voce
565 1179 676 1225 Acerbam
695 1179 756 1226 ciet:
783 1187 837 1234 orat,

173 1259 201 1299 ut
210 1251 281 1297 libens
290 1263 343 1309 opea
354 1261 406 1293 suaa
418 1245 516 1306 recipiat,
528 1258 585 1303 quaa
596 1243 729 1303 reliqueram
746 1245 837 1292 babeat·

174 1331 219 1377 que
236 1313 334 1369 inferiae,
348 1324 408 1372 ‘quaa
426 1310 533 1356 babuerat
554 1323 632 1355 caueae
649 1309 737 1356 mortis.
771 1308 838 1357 Tune

172 1381 233 1444 ipsos
247 1378 361 1425 ministros
376 1374 519 1437 aggreditur:
538 1373 578 1419 eibi
593 1373 682 1433 quidem
694 1374 727 1420 ait
737 1381 837 1436 optatam

172 1446 227 1493 olim
237 1451 348 1499 mortem;
366 1441 404 1487 aed
415 1439 459 1486 illia
467 1437 557 1485 acerbos
565 1438 683 1493 cruciatus,
695 1446 719 1485 et
727 1438 777 1486 dira
785 1455 836 1502 aup·
850 1489 866 1501 κ

171 1511 238 1573 plicia
248 1507 371 1561 imminere,
388 1505 426 1567 qui
437 1503 534 1550 Acerbae
547 1517 609 1564 opes,
624 1517 718 1562 quarum
734 1518 775 1565 ape
786 1520 837 1566 par-

171 1575 273 1621 ricidium
290 1586 331 1619 rex
346 1571 430 1624 fecerit,
449 1567 549 1614 avaritiae
568 1567 659 1627 tyranni
678 1567 837 1616 subtraxerint

171 1638 227 1686 Hoc
245 1645 308 1685 metu
324 1636 426 1682 omnibus
444 1633 533 1695 inJ'eeto,
550 1632 644 1679 eomitea
659 1630 724 1695 fugae
742 1634 836 1696 aceepit.

138 1728 140 1731 v
171 1701 307 1764 iunguntur
319 1707 343 1747 et
358 1707 485 1747 aenatorum
500 1698 524 1743 in
539 1711 588 1743 eam
604 1703 695 1743 noctem
710 1704 837 1760 praeparata

171 1767 276 1830 agmina3
296 1772 363 1825 atque
380 1766 412 1811 ita
428 1763 498 1810 sacris
513 1760 628 1814 Herculia,
648 1763 713 1824 cujus
732 1763 837 1810 aaoerdoe

172 1831 273 1879 Acerbaa
282 1828 362 1884 fuerat,
374 1828 481 1890 repetitia,
491 1825 572 1873 exsilio
582 1826 647 1872 aeden
657 1834 771 1887 quaerunt.

202 1895 233 1943 V.
251 1893 342 1941 Primus
362 1893 406 1939 illia
427 1891 532 1954 appuleue
554 1898 622 1937 terrae
645 1888 737 1952 Cyprus
758 1892 834 1939 insula

168 1962 225 2010 fuit:
245 1960 282 2007 ubi
293 1956 396 2005 sacerdos
406 1957 473 2006 lovis
483 1971 535 2003 cum
546 1957 644 2018 conjuge
654 1964 678 2003 et
688 1955 770 2011 bberia,
781 1955 835 2003 De·

170 2041 234 2074 orum
244 2024 340 2077 monitu,
352 2024 457 2069 comitem
469 2036 494 2069 ae
504 2020 590 2071 Elissa
596 2021 727 2081 sociumque
735 2020 835 2068 fortune

169 2091 271 2155 praebuit,
286 2095 365 2151 pactus
375 2088 416 2134 eibi
427 2087 567 2149 porteriaque
577 2092 710 2147 perpetuum
721 2087 832 2133 bonorem

169 2156 294 2204 meerdotii.
327 2151 433 2201 Conditio
447 2167 489 2214 pro
504 2148 623 2198 manifesto
641 2150 717 2209 omine
733 2157 835 2211 acoepta.

170 2220 227 2267 Moe
237 2227 285 2266 erat
296 2216 394 2280 Cypriis,
405 2218 506 2278 virginea
518 2222 570 2261 ante
581 2215 671 2277 nuptiae
683 2215 774 2261 statutio
785 2216 834 2261 die·

168 2285 217 2339 bua,
233 2283 330 2330 dotalem
345 2282 462 2344 pecuniam
477 2281 617 2341 quaesiturae,
634 2279 658 2326 in
674 2287 790 2339 quaestum
806 2279 836 2325 ad
895 2310 896 2325 i

166 2349 221 2395 litua
234 2349 303 2394 maris
319 2348 416 2401 mittere,
435 2361 477 2407 pro
494 2342 578 2404 reliqui
590 2342 697 2407 pudicitii
711 2343 836 2391 libamento

168 2409 255 2460 Veneri
270 2410 388 2459 mluturae.
422 2410 512 2458 Harum
528 2410 642 2472 igiturex
659 2423 753 2456 numero
768 2417 834 2456 octo-

166 2475 471 2541 gintaadmodumvirginea
479 2470 836 2537 raptaanavibuaimpouililian
893 2514 895 2533 Λ

161 2544 243 2607 jubet3
260 2548 286 2588 ut
300 2549 324 2587 et
333 2542 444 2603 juventus
459 2540 607 2594 matrimonia,
624 2545 649 2585 et
662 2539 716 2585 urba
731 2538 833 2586 sobolem

166 2609 247 2655 babere
257 2612 342 2668 poscet
373 2605 438 2652 Dum
449 2606 499 2652 haeo
510 2612 615 2666 aguntur,
632 2601 777 2666 Pygmalion,
793 2618 834 2649 co-

167 2671 231 2736 gniti
242 2671 325 2719 sororia
333 2668 395 2733 fuga,
407 2685 459 2717 cum
471 2671 540 2732 impio
550 2669 609 2717 bello
618 2667 745 2732 fugientem
756 2682 837 2731 perea-
894 2726 895 2729 Ἴ
