1800 2942
339 544 527 612 JUSTINI

4 679 6 722 ³
119 727 404 792 ursroruauuu
424 729 743 792 Punrrrrcanuu

171 903 278 955 LIBER
293 907 507 959 TRICESIMUS
524 907 690 967 QUINTUS.

132 1182 325 1240 nummatus,
344 1193 455 1247 occupato
474 1185 548 1246 Syrias
567 1201 647 1248 regno,
669 1187 764 1234 novitati

61 1289 65 1294 .
96 1264 147 1296 suae
159 1251 230 1296 otium
246 1251 395 1313 periculosum
412 1259 480 1307 ratus,
497 1250 602 1312 ampliare
619 1250 675 1296 fines
691 1253 763 1314 regni,

98 1321 124 1361 et
146 1329 200 1376 opes
216 1330 300 1377 augere
318 1314 464 1362 finitimorum
479 1315 550 1370 bellis,
565 1315 651 1361 statuit.
683 1312 764 1375 ltaque

97 1379 220 1434 Ariarathi,
232 1381 281 1442 regi
294 1378 449 1442 Cappadociae,
460 1389 551 1442 propter
561 1379 670 1427 fastiditas
681 1382 764 1428 sororis

97 1443 188 1505 nuptias
198 1442 300 1499 iulestus,
311 1444 403 1492 fratrem
415 1447 463 1509 ejus
474 1445 629 1507 Orophemeu,
647 1460 687 1506 per
703 1446 762 1507 inJ'u·

95 1508 154 1555 riam
174 1524 245 1571 regno
264 1511 359 1571 pulsum,
379 1512 502 1573 supplicem
519 1510 618 1571 recepit3
641 1509 762 1571 datumque

95 1573 140 1621 sibi
151 1574 270 1621 honestum
280 1576 332 1621 belli
343 1576 433 1622 titulum
439 1575 573 1638 gratulatus,
586 1574 703 1621 restituere
709 1589 762 1621 eum

95 1638 122 1685 in
134 1646 229 1700 regnum
241 1641 326 1686 statuit.
358 1640 404 1686 Sed
415 1640 566 1702 Orophernes,
578 1640 667 1701 ingrato
678 1641 762 1694 animo,

94 1699 153 1748 initi
162 1718 214 1749 cum
222 1703 414 1752 Antiochensibus
423 1705 533 1766 pactione,
545 1704 636 1750 offensis
647 1712 701 1750 tunc
709 1703 761 1751 De-

95 1767 184 1823 metrio,
195 1769 277 1830 pellere
287 1771 361 1830 ipsum
371 1785 451 1832 regno,
460 1786 473 1817 a
481 1785 526 1830 quo
534 1769 696 1824 restituebatur,
706 1785 761 1816 con·

95 1831 173 1879 silium
184 1831 252 1895 cepit
283 1832 337 1888 Quo
348 1836 446 1897 cognito,
459 1833 592 1881 Demetrius
602 1835 656 1881 vitae
671 1834 760 1895 quidem

95 1897 151 1958 qius,
172 1912 201 1944 ne
218 1899 349 1948 Ariarathes
367 1907 428 1946 metu
445 1899 539 1947 fraterni
557 1898 608 1945 belli
625 1899 761 1955 liberaretur,

93 1961 209 2023 pepercit:
237 1964 310 2025 ipsum
335 1971 418 2019 autem,
441 1963 634 2027 comprehensum,
659 1963 760 2010 vinctum

95 2024 206 2073 Seleuciae
220 2030 405 2091 custodirijubet.
436 2028 667 2077 Nec'Antiochensea
678 2028 760 2074 indicio

93 2090 167 2138 territi
179 2091 324 2141 adelectione
334 2094 474 2141 destiterunt
502 2091 588 2153 Itaque,
605 2092 762 2154 adjuvantibus

93 2162 120 2202 et
131 2153 258 2203 Ptolemaeo
268 2173 323 2220 rege
333 2158 437 2221 AEgypti,
453 2165 476 2205 et
487 2158 566 2204 Attalo
581 2171 636 2217 rege
648 2156 719 2209 Asiae,
737 2166 771 2211 et„

93 2219 217 2268 Ariarathe
234 2220 389 2284 Cappadociae,
408 2223 467 2270 bello
486 2237 499 2269 a
518 2220 638 2269 Demetrio
656 2220 760 2277 lacessiti,

93 2285 219 2333 subornant
227 2285 306 2333 Balam
318 2289 442 2348 quemdum,
454 2288 521 2334 sortis
531 2293 639 2333 extremae
642 2286 759 2347 Juvenern,

92 2350 134 2411 qui
146 2348 220 2409 Syriae
231 2366 333 2414 regnum,
344 2353 407 2399 velut
416 2360 540 2415 paternum,
553 2351 621 2397 armis
632 2358 755 2411 repeteret:

92 2421 125 2469 et,
137 2429 167 2461 ne
177 2416 230 2476 quid
240 2418 383 2463 contumeliae
397 2418 491 2471 deesset,
502 2431 585 2462 nomeu
599 2414 620 2462 ei
632 2415 756 2462 Alexandri

92 2478 186 2531 inditur,
196 2482 332 2543 genitusque
344 2481 371 2529 ab
381 2482 497 2529 Antiocho
508 2496 562 2543 rege
573 2480 660 2528 dicitur.
692 2479 716 2526 T
729 2465 757 2526 h·

95 2552 146 2592 tum
157 2545 232 2591 odium
242 2545 356 2593 Demetrii
365 2547 424 2609 apud
432 2561 512 2593 omnes
517 2554 572 2600 erat,
584 2553 610 2591 ut
617 2545 700 2592 aemulo
710 2546 760 2607 eJus

90 2625 141 2657 non
152 2610 212 2657 vires
222 2612 293 2673 regiae
303 2619 397 2668 tantum,
408 2626 488 2659 rerum
503 2612 570 2658 etiam
586 2610 676 2673 generis
692 2610 756 2656 nobi·

89 2676 144 2722 litas
155 2688 267 2723 consensu
283 2677 383 2723 omnium
395 2677 536 2724 tribueretur.
568 2672 643 2737 Igitur
653 2674 756 2721 Alexan·

89 2740 139 2797 der,
151 2740 272 2789 admirabili
287 2756 362 2789 rernm
376 2742 485 2791 vudetatc
499 2739 641 2804 pristinarum
657 2740 756 2789 sordium
