1800 2942
148 176 198 223 aso
285 169 423 223 nusrrur
438 166 578 237 nunni.
592 167 683 221 cnr.

147 300 216 351 stiur
232 302 281 364 ejus
296 308 378 363 petere,
395 316 440 362 quo
455 300 543 348 facilius
553 300 581 348 ab
591 316 619 347 eo
630 300 811 363 supplementum
894 344 895 355 ,

146 367 245 415 tironum
256 380 286 413 ex
297 365 433 414 Macedonih
442 366 561 413 obtineret
583 364 658 420 Quem
667 367 745 414 dolum
752 382 809 428 pre·

146 432 259 479 sentiente
270 432 396 492 Antipatro.
407 431 461 478 dum
468 431 524 478 duas
532 430 720 492 eodemtempore
730 446 822 479 uxores

147 497 234 557 quaerit,
251 504 352 542 neutram
369 497 472 542 obtinuit
510 494 568 543 Post
583 496 633 542 baec
648 495 733 542 bellum
754 497 811 543 iuter

146 562 288 622 Antigonum
305 569 328 606 et
346 560 475 608 Perdiccam
486 561 564 607 uritur.
599 560 720 621 Antigono
732 557 809 608 Crate·

146 640 185 672 ros
202 632 226 672 et
243 626 362 686 Antipater
372 625 480 673 auxilium
490 623 606 682 ferebaut;
624 626 668 685 qui,
685 622 747 671 facti
760 640 810 672 curn

146 691 322 739 Atheniensibus
332 705 393 751 pace,
405 690 600 752 Polysperchonta
611 689 711 736 Graeciae
724 696 749 736 et
759 689 811 736 Ma·

147 755 247 802 cedoniae
258 762 399 817 praeponunt.
433 753 547 811 Perdicca,
561 754 663 801 alienatis
673 755 748 808 rebus,
759 755 810 800 Ari-

147 819 228 873 daeum,
247 827 270 865 et
287 818 410 867 Alexandri
432 819 516 880 Magni
531 818 602 866 lilium
618 819 642 865 in
662 816 811 881 Cappadocii,

146 898 240 944 quorum
252 898 305 930 cura
315 884 347 929 illi
358 883 463 931 mandata
472 883 551 938 iuerat
569 883 598 931 de
613 881 702 930 summi
718 883 771 930 belli
788 884 811 930 in

147 948 263 997 consilium
281 948 376 995 adhibet
410 948 550 1001 Quibusdam
567 947 666 1009 placebat
682 948 767 994 bellum
787 948 811 994 in

146 1012 304 1061 Macedoniam
313 1011 435 1067 transferri,
442 1013 551 1075 adipsum
558 1013 645 1060 fontem
652 1020 676 1059 et
683 1020 752 1074 caput
759 1028 810 1074 reg·

146 1077 178 1131 ni,
189 1077 225 1123 ubi
236 1084 259 1123 et
270 1075 389 1140 Olympias
399 1085 466 1132 esset,
474 1086 547 1125 mater
558 1077 691 1134 Alexandri,
705 1092 753 1124 non
762 1092 810 1124 me·

146 1141 221 1191 diocre
231 1152 372 1189 momentum
383 1144 495 1204 partium;
508 1150 532 1191 et
541 1142 624 1190 civium
634 1142 709 1199 favor,
719 1149 809 1204 propter

146 1207 271 1255 Alexandri
283 1207 424 1270 Philippique
432 1208 539 1255 nominat
553 1207 593 1254 sed
602 1208 626 1253 in
636 1221 684 1253 rem
696 1208 812 1254 visumest

146 1272 174 1319 ab
184 1271 289 1334 AEgypto
304 1274 408 1335 incipere,
431 1289 468 1326 ne,
487 1273 511 1319 in
527 1271 687 1319 Macedoniam
698 1271 811 1333 profectis,

145 1337 204 1383 Asia
224 1353 238 1384 a
260 1337 385 1394 Ptolemaeq
406 1345 561 1399 occuparetur.
602 1336 708 1390 Eumeni,
730 1344 812 1398 praeter

145 1402 280 1462 provincias,
297 1418 351 1462 quas
362 1411 484 1464 acceperat,
496 1402 656 1464 Paphlagonia,
667 1409 691 1448 et
703 1399 778 1456 Caria,
790 1407 812 1449 et

145 1465 225 1527 Lycia,
237 1475 261 1513 et
272 1461 374 1529 Phrygia
383 1468 523 1530 adjiciuntur.
555 1464 591 1514 Ibi
602 1464 715 1515 Crateron
725 1473 749 1512 et
760 1465 810 1512 An·

144 1532 250 1592 tipatrum
269 1533 363 1594 opperiri
377 1533 482 1594 jubetur:
502 1532 614 1594 adjutores
629 1532 651 1577 ei
663 1531 746 1577 danmr
760 1545 811 1581 cum

145 1597 279 1644 exercitibus
289 1597 357 1645 frater
364 1597 479 1644 Perdiccae
487 1597 586 1652 Alcetas,
597 1603 621 1643 et
628 1595 808 1657 Neoptolemus:

146 1657 208 1707 Clito
219 1676 272 1708 cura
283 1662 360 1709 elassis
370 1662 480 1709 traditur:
498 1659 584 1716 cilicia,
602 1660 701 1711 Philotae
715 1661 811 1714 ademta,

145 1722 272 1772 Philoxeno
287 1726 367 1772 datur:
386 1729 433 1789 ipse
451 1726 560 1774 Perdicca
569 1726 700 1788 AEgyptum
712 1741 764 1773 curn
776 1726 811 1771 in·

144 1788 209 1849 genti
219 1791 319 1837 exercitu
331 1793 393 1851 petit.
426 1791 465 1838 Sic
476 1791 617 1844 Macedonia,
635 1791 659 1836 in
670 1790 726 1837 duas
736 1797 811 1852 parter

144 1852 318 1900 discurrentibus
332 1854 432 1909 ducibus,
450 1857 474 1902 in
489 1871 529 1903 sua
539 1856 626 1903 viscera
635 1862 748 1912 armatum
765 1853 811 1901 ler-

145 1932 240 1979 rumque
255 1919 282 1965 ab
298 1921 373 1966 hostili
387 1920 446 1967 bello
457 1920 481 1967 in
492 1920 579 1968 civilem
591 1920 726 1982 sanguinem
736 1918 811 1972 vertit,

144 1984 247 2046 exemplo
257 1982 385 2039 furentium,
404 2000 486 2033 manus
499 2000 526 2032 ae
539 1985 639 2032 membra
653 1999 695 2031 sua
705 1983 755 2046 ipsa
765 1999 811 2030 cre·

145 2062 204 2096 sura.
237 2049 283 2096 Sed
298 2047 437 2098 Ptolemaeus
453 2051 478 2097 in
490 2049 594 2114 AEgypto
605 2048 690 2095 sollerti
700 2044 812 2096 industrii
841 2053 844 2057 '

145 2127 240 2174 magnas
251 2129 305 2176 opes
318 2115 423 2176 parabat:
442 2115 524 2178 quippe
542 2122 566 2162 et
582 2112 708 2176 AEgyptios
726 2111 811 2175 insigni

145 2177 298 2226 moderatione
313 2180 337 2226 in
355 2178 454 2227 favorem
475 2180 509 2226 sui
528 2179 693 2235 sollicitaverat,
709 2185 811 2240 etreges

143 2239 251 2293 finitimos
266 2244 379 2292 beneficiis
394 2245 549 2306 obsequiisque
564 2244 711 2291 devinxeratr
731 2241 810 2290 termi-

144 2320 187 2353 nos
203 2322 292 2368 quoque
307 2309 400 2370 imperii,
416 2308 525 2370 acquisiti
538 2306 631 2370 Cyrene
641 2309 704 2362 urbe,
714 2307 808 2368 amplia·

143 2378 223 2427 verat;
239 2372 410 2435 factusqueJam
417 2382 493 2422 tantus
501 2381 556 2429 erat,
572 2381 652 2420 utnon
662 2380 710 2419 tarn
718 2373 810 2418 timeret

142 2435 226 2488 hostes,
242 2451 309 2495 quam
321 2439 432 2485 timendus
441 2440 490 2501 ipse
500 2439 601 2486 hostibus
611 2444 678 2484 esset.

175 2497 234 2546 Vll.
252 2497 344 2559 Cyrene
359 2509 434 2549 autem
450 2504 541 2550 condita
549 2501 594 2549 fuit
608 2503 636 2549 ab
646 2502 755 2557 Arisoeo,
773 2499 809 2546 cui

142 2576 226 2609 nomen
233 2562 314 2611 Battus
324 2574 415 2627 propter
424 2568 509 2628 linguae
517 2567 677 2629 obligationem
682 2565 734 2612 fuit
752 2563 808 2611 Hu-

137 2627 177 2686 jus
188 2634 250 2686 pater
261 2629 355 2682 Grinus,
372 2644 413 2676 rex
423 2629 507 2679 Tberae
520 2632 608 2686 inaulae,
624 2645 676 2676 curn
687 2630 717 2676 ad
727 2643 808 2677 oracu-

141 2689 188 2735 lum
201 2690 311 2752 Delphos,
326 2701 417 2754 propter
432 2695 529 2757 dedecus
539 2693 739 2745 adolescentisfilii
749 2705 809 2740 nom
