1800 2942
187 171 325 225 JUSTINI
341 172 395 222 Lu.
406 171 533 224 XXXIX.
551 173 612 225 Car.
622 180 648 226 5.
702 184 751 228 398

80 306 145 356 sotio
152 303 228 369 regni,
238 304 286 352 lilio
297 304 430 360 Ptolemaeo,
440 304 548 368 populum
559 306 582 352 in
593 321 646 353 eum
656 307 748 367 incitat3

80 370 223 432 obductdque
239 371 260 417 ei
275 369 357 417 Selene
372 384 451 428 uxore,
468 385 496 416 eo
511 370 634 432 indignius,
646 371 708 432 quod
720 387 750 420 ex

82 436 167 485 Selene
173 437 222 498 jam
233 436 290 482 duos
300 433 359 481 filios
369 434 469 489 habebut,
481 435 583 482 exsulare
594 437 663 499 cogit,
674 452 749 485 arces·

81 502 130 549 sito
145 502 233 548 minore
243 499 290 546 lilio
301 499 438 554 Alexandro,
456 507 480 546 et
490 514 544 562 rege
554 501 578 546 in
588 501 664 547 locum
674 501 750 550 fratris

81 567 223 613 constituto:
251 580 293 612 nec
314 562 384 611 lilium
406 580 478 627 regno
500 565 612 626 expulisse
634 573 750 625 contenta,

81 631 145 680 bello
163 628 233 693 Cypri
253 629 392 676 exsulantem
410 630 556 691 persequitur.
590 629 660 678 Unde
677 632 750 693 pulso,

81 694 192 743 interficit
211 695 290 741 ducem
306 694 418 741 exercitlls
434 695 475 749 sui,
495 694 556 755 quod
571 695 648 742 rivum
668 710 719 742 eum
737 712 751 743 e

82 761 189 808 manibus
207 759 343 817 dlrnisissct3
365 774 499 820 quamquam
518 757 663 815 Ptolemaeus,
685 776 750 808 vere·

83 823 169 871 cundid
179 825 274 872 materni
284 825 343 880 belli,
354 839 400 871 non
408 825 492 872 viribus
502 825 584 883 minor,
595 826 623 873 ab
634 823 707 872 insuld
714 841 751 873 re-

84 889 199 937 cessisset.
231 885 307 951 Igitur
318 889 453 946 Alexander,
462 891 553 938 territus
564 892 606 937 hac
615 892 694 937 matris
699 906 752 938 cm·

84 954 185 1010 delitate,
201 961 225 1000 et
235 954 283 1016 ipse
297 969 347 1000 eum
359 954 455 1013 reliquit,
466 956 592 1016 periculoso
603 972 674 1019 regno
685 971 751 1003 secu·

84 1034 136 1067 ram
153 1027 268 1065 actutum
287 1019 357 1064 vitam
373 1026 519 1080 anteponens.
552 1018 672 1082 Cleopatra
687 1036 749 1076 vero,

84 1084 178 1139 timens,
194 1098 224 1146 ne
239 1084 311 1146 major
325 1082 384 1129 lilius
394 1082 534 1129 Ptolemaeus
550 1084 578 1131 ab
589 1082 707 1145 Cyziceno
723 1085 752 1132 ad

75 1147 261 1211 'recuperandam
273 1147 402 1210 AEgyptum
413 1147 503 1195 auxiliis
508 1149 633 1209 juvaretur,
650 1150 753 1212 ingentia

86 1214 172 1275 Grypo
188 1213 277 1270 auxilia,
295 1221 318 1259 et
334 1211 430 1259 Selenen
444 1227 544 1267 uxorem,
562 1219 681 1274 nupturam
692 1215 752 1261 hosti

83 1279 169 1344 prioris
179 1278 260 1332 mariti,
277 1277 347 1324 mittit
351 1294 359 1334 ;
376 1276 576 1338 Alexandrumque
586 1276 657 1323 lilium
667 1293 708 1339 per
717 1279 752 1325 le·

84 1350 156 1407 gatos
167 1343 191 1389 in
205 1357 301 1404 regnum
312 1349 417 1389 revocat:
437 1341 473 1387 cui
490 1356 541 1388 cum
558 1342 651 1389 occultis
666 1343 764 1389 insidiis·

85 1408 183 1457 exitium
200 1408 371 1462 machinaretur,
387 1412 495 1468 occupata
511 1407 630 1453 abeodem
645 1406 751 1454 interfici·

85 1481 143 1531 tur;
165 1472 312 1534 spiritumque
330 1488 376 1519 non
394 1471 448 1526 fato,
471 1472 510 1517 sed
527 1472 651 1533 parricidio,
672 1472 749 1520 dedit:

85 1539 158 1601 ᾱὶςω
168 1552 260 1600 prorsus
270 1538 312 1584 hac
322 1536 400 1583 mortis
410 1535 510 1590 inlamid,
521 1550 572 1597 quae
582 1536 649 1583 etiam
657 1543 752 1583 matrem

85 1612 141 1652 toro
157 1602 258 1664 expulit;
275 1611 298 1648 et
314 1601 369 1648 duas
385 1599 442 1647 filias
458 1600 537 1647 viduas
554 1601 640 1648 alterno
656 1600 752 1648 fratrum

86 1667 234 1717 matrimonio
243 1666 313 1723 fecit;
329 1672 352 1712 et
362 1664 409 1712 illio
419 1664 483 1712 alteri
494 1666 518 1710 in
529 1665 632 1712 exsilium
643 1672 694 1712 acto
703 1666 752 1713 bel-

87 1734 139 1781 lum
154 1731 235 1787 intulit,
252 1731 315 1777 alteri
330 1725 406 1793 erepto
421 1744 493 1792 regno
507 1730 600 1776 exitium
611 1746 651 1793 per
661 1731 753 1778 insidias

89 1797 272 1845 machinataest.
593 1805 599 1822 *

124 1859 156 1906 V.
172 1859 218 1907 Sed
229 1874 271 1906 nec
281 1858 411 1905 Alexandro
424 1858 499 1905 caedes
512 1865 559 1905 mm
572 1858 668 1907 nefande
682 1860 754 1907 inulta

88 1925 142 1975 fuit.
174 1922 243 1978 Nuus,
255 1924 291 1970 ubi
302 1924 398 1984 primum
409 1930 549 1985 compertum
561 1931 602 1980 est,
619 1925 703 1971 scelere
714 1924 753 1971 filii

89 1996 188 2039 matrem
207 1987 353 2042 interfectam,
376 2003 487 2035 concursu
507 1989 585 2052 populi
605 1989 630 2034 in
649 1989 753 2036 exsilium

89 2049 174 2117 agitur,
186 2058 334 2114 revocatoque
345 2052 470 2100 Ptolemaeo
481 2067 577 2116 regnum
586 2053 700 2112 redditur3
716 2054 754 2115 qui

91 2133 167 2180 neque
185 2133 237 2165 cum
256 2126 327 2164 matre
344 2118 427 2165 bellum
446 2132 526 2179 gerere
545 2117 661 2179 voluisset,
679 2132 722 2164 nec
741 2133 756 2166 a

89 2184 163 2233 fratre
172 2183 240 2230 armis
251 2190 357 2244 repetere,
374 2182 434 2243 quod
444 2183 505 2243 prior
514 2181 657 2243 possedisset.
689 2180 756 2229 Dum

91 2251 144 2297 haec
160 2255 265 2310 aguntrm
280 2246 350 2294 frater
366 2248 421 2309 ejus,
440 2261 470 2293 ex
483 2246 562 2308 pellice
578 2254 701 2309 susceptus,
719 2247 756 2294 cui

91 2320 157 2378 pater
180 2310 321 2373 Cyrenarum
348 2325 443 2373 regnum
471 2317 607 2357 testamento
628 2312 754 2373 reliquerat,

90 2378 183 2426 haerede
203 2377 285 2439 populo
306 2374 412 2422 Romano
432 2376 542 2430 instituto,
565 2376 659 2423 decedit.
702 2375 756 2424 Jam

90 2443 154 2491 enim
170 2441 262 2489 fortuna
279 2440 385 2488 Romana
404 2441 519 2502 porrigere
538 2456 562 2486 se
584 2440 612 2487 ad
634 2441 757 2489 Orientalla

92 2522 172 2571 regna,
189 2522 236 2555 non
247 2512 353 2553 contenta
363 2503 437 2552 Italiae
447 2506 556 2559 terminis,
567 2512 672 2569 coeperat.
707 2504 757 2553 Ita·

110 2588 140 2620 ue
153 2580 177 2620 et
192 2586 219 2619 ea
234 2586 285 2634 pars
303 2569 385 2630 Luyae
403 2570 519 2631 provincia
535 2570 596 2617 facta
612 2579 661 2617 est:
680 2578 759 2632 posta

93 2589 167 2686 {reta
175 2634 305 2698 Ciliciaque,
315 2635 408 2697 piratico
416 2634 475 2681 bello
482 2635 619 2696 perdomitae,
630 2635 758 2683 informem

94 2703 218 2766 provinciae
228 2701 367 2764 rediguntur.
401 2698 455 2754 Quo
469 2698 529 2747 facto
543 2707 568 2746 et
584 2700 657 2762 Syrie
673 2708 697 2749 et
713 2700 758 2748 AE-
