1800 2942
235 129 371 182 JUSTINI
387 129 508 180 LsnXIl.
526 129 631 182 Gunll'.
712 136 761 184 249

90 262 216 310 memento
226 262 294 318 dedit,
307 277 440 325 prosperum
453 262 477 310 in
491 263 588 325 putrium
600 263 696 309 reditum
708 278 760 324 pre·

91 335 171 374 estus:
181 342 219 374 'ac
229 328 298 374 veluti
309 343 375 374 curru
386 329 446 375 circs
455 336 539 391 metam
553 334 611 381 ueto,
626 328 706 390 positis
715 329 759 374 im·

90 392 155 455 perii.
171 392 279 448 terminis,
307 391 417 453 quitenns
438 401 479 439 sut
498 400 607 440 terrarum
629 392 760 440 solitudines

89 457 183 520 prodire
198 473 273 519 pnssae
292 465 352 512 sunt,
371 465 411 504 sut
428 473 491 504 mare
508 457 633 519 navigabile
650 457 700 511 fuit.
723 472 760 504 se·

91 522 170 568 cundo
187 530 245 568 aestu
262 522 321 569 ostio
337 522 437 568 fluminis
456 521 507 569 ludi
526 522 644 569 invehitur.
680 521 720 577 lbi,
736 522 761 568 in

91 587 236 633 monimenta
253 601 328 632 rerum
347 602 361 633 c
380 602 405 633 se
423 593 547 649 gesturum,
570 587 647 633 urbem
668 585 759 634 Beroen

91 652 210 708 condidit3
230 665 323 712 crusque
342 652 426 706 statuit,
446 652 525 698 relicto
543 666 573 697 ex
590 666 683 699 numero
703 652 773 699 amis

90 731 172 762 corum
191 716 314 763 litoralibus
337 715 401 763 Indis
421 715 536 778 preelecto.
576 713 634 763 lnde
652 718 695 763 iter
712 725 760 764 ter·

92 789 167 828 restre
182 779 288 836 fecturus,
306 797 357 827 cnm
374 782 435 827 aride
448 782 499 828 locs
514 781 581 828 medii
597 782 684 831 itineris
699 782 761 828 dice·

91 853 180 899 rentur,
191 857 272 907 puteos
283 847 413 908 opportunis
423 846 480 892 locis
489 846 537 892 fieri
548 847 661 908 praecipit:
680 848 761 908 quibus

85 911 182 973 ingenti
198 911 258 957 dulci
274 911 331 972 aqud
346 909 444 966 inventi,
462 910 611 971 Babyloniam
627 911 691 958 redit
724 909 761 958 lbi

92 977 174 1022 multae
188 976 284 1022 devictae
297 984 378 1038 gentes
390 975 509 1038 praefectos
524 991 578 1022 suos
592 985 760 1033 accusaverunt,

90 1055 163 1101 quos.
170 1041 219 1087 sine
227 1050 329 1102 respectu
340 1042 451 1092 amicitiae,
464 1041 594 1088 Alexander
604 1042 627 1087 in
639 1048 761 1103 conspectu

90 1106 220 1168 legatorum
236 1106 310 1153 necsri
322 1107 398 1168 jussit
430 1104 512 1152 Filium
523 1106 634 1166 posthaec
645 1104 712 1152 Darii
723 1120 760 1153 re·

90 1171 136 1233 gis,
155 1171 271 1228 stutirem,
288 1171 311 1216 iu
322 1170 490 1218 matrimonium
502 1171 597 1231 recepit:
617 1170 656 1216 sed
667 1178 691 1216 et
702 1171 760 1232 opti·

89 1236 190 1283 metibus
201 1235 354 1282 Macedonum
365 1235 435 1281 lectas
445 1249 475 1280 ex
485 1234 589 1280 omnibns
599 1235 704 1294 gentibus
716 1249 760 1281 no,-

89 1300 212 1347 bilissimns
222 1300 322 1362 virgines
333 1300 430 1355 tradidit,
442 1307 469 1346 ut
478 1299 591 1345 communi
602 1298 663 1344 noso
674 1299 758 1346 crimen

89 1367 153 1428 rugis
164 1366 283 1412 levaretur.

126 1428 174 1476 x1.
193 1429 257 1476 Hinc
278 1431 307 1477 nd
328 1431 460 1477 concionem
482 1430 605 1477 exercitum
629 1437 710 1477 vocat:
735 1436 760 1476 et

90 1496 211 1559 promittit,
228 1511 252 1542 se
270 1511 302 1542 aes
319 1496 417 1542 alienum
434 1496 534 1559 omnium
552 1493 641 1557 proprii
660 1493 761 1557 impensis

90 1561 226 1615 soluturum,
244 1568 269 1607 ut
278 1561 377 1622 praedam
388 1561 525 1622 praemiaque
535 1561 625 1622 integra
635 1559 714 1607 domos
724 1559 759 1607 fe

89 1633 151 1672 rant.
186 1624 286 1687 Insignis
305 1627 354 1671 haec
371 1624 525 1672 munificentie
539 1640 586 1672 non
604 1623 691 1672 summit
708 1632 759 1672 tsn-

89 1699 149 1747 tum,
162 1705 240 1736 verum
251 1691 318 1738 etium
330 1691 395 1737 titulo
405 1690 506 1736 muneris
516 1688 573 1737 fuit:
594 1706 636 1737 nec
648 1706 661 1736 n
672 1691 758 1739 debito·
777 1743 780 1749 ¹

89 1756 154 1802 ribus
171 1755 250 1817 magis,
267 1771 336 1815 quam
352 1770 366 1801 a
383 1755 529 1802 creditoribus
547 1755 633 1818 gratius
650 1763 758 1818 exceptn3

89 1821 198 1882 quoniam
215 1820 315 1880 utrisque
331 1820 418 1866 exactio
429 1821 512 1881 pariter
528 1836 554 1867 ac
571 1821 653 1868 solutio
664 1821 760 1868 difficilis

89 1893 148 1933 erut.
175 1884 264 1947 Viginti
273 1885 343 1931 millia
353 1885 463 1932 telentdm
474 1886 498 1931 in
507 1887 548 1933 hos
560 1892 647 1933 sumtus
654 1900 760 1947 expensa.

90 1949 202 1997 Dimissis
226 1950 344 2005 veteranis,
373 1951 497 1997 exercitum
516 1952 644 2014 Junioribus
666 1950 761 2011 supplet.

89 2015 138 2063 Sed
154 2015 243 2070 retenti,
262 2025 419 2063 veteranorum
436 2016 558 2063 discessum
576 2014 758 2076 aegreferentes,

89 2080 223 2127 missionem
239 2087 263 2125 ct
279 2080 321 2142 ipsi
335 2080 481 2142 flagitabant3
498 2096 541 2128 nec
560 2095 640 2132 annos,
661 2080 700 2126 sed
719 2080 759 2129 sti-

88 2145 173 2207 pendia
188 2159 236 2199 suc
253 2146 366 2192 numerari
378 2146 503 2207 jubebant:
522 2145 604 2206 pariter
619 2145 643 2190 in
656 2142 759 2190 militiam
799 2140 801 2145 '

88 2211 170 2264 lectos,
187 2210 270 2271 pariter
284 2216 424 2257 sacramento
438 2210 502 2264 solvi,
521 2224 610 2270 equum
624 2215 757 2256 censentes:

88 2289 133 2322 nec
140 2276 189 2336 jam
200 2276 309 2336 neonus,
320 2276 359 2321 sed
367 2275 470 2321 convicio
481 2275 584 2336 agebant.
590 2273 696 2335 jubentes
707 2289 760 2322 eum
794 2290 796 2299 ³

89 2340 166 2386 sulum
176 2354 229 2386 cum
240 2347 303 2402 patre
314 2354 355 2386 suo
367 2338 499 2385 Hammone
509 2340 566 2384 inire
572 2338 636 2393 bellu,
648 2336 762 2399 quiteuus

88 2405 175 2450 milites
193 2419 247 2451 suos
265 2403 370 2451 fastidiat.
402 2402 490 2452 Contra
510 2403 549 2449 ille
569 2418 630 2449 nunc
648 2405 760 2466 castigare

89 2469 189 2526 militem
206 2484 267 2516 nunc
283 2469 370 2515 lenibus
385 2469 460 2515 verbis
476 2483 574 2522 monere,
591 2482 621 2514 ne
631 2468 759 2529 gloriosum

89 2533 195 2580 militiam
216 2533 366 2580 seditionibus
382 2532 529 2580 insumerent.
561 2533 599 2581 Ad
610 2542 756 2594 postremum,

89 2612 145 2644 cnm
165 2599 238 2645 verbis
255 2598 311 2644 nihil
327 2596 452 2660 proliceret,
476 2598 504 2645 ad
528 2596 680 2659 corripiendos
698 2595 760 2643 sedie

89 2662 161 2712 nonu
184 2670 294 2718 suctores,
318 2679 332 2710 e
347 2662 451 2711 tnbunni
464 2662 488 2709 in
504 2663 636 2710 concionem
650 2664 756 2709 armatum
