1800 2942
195 97 199 104 ¹
216 129 365 185 vsuornm
381 132 565 182 mxxxvi
582 133 643 183 cn.
653 140 676 184 r.
732 139 779 185 ors

112 267 136 313 ei
152 265 264 319 nolebant,
280 264 385 321 iecissem
396 264 517 326 justusque
535 278 576 310 rex
592 265 640 326 jam
660 264 779 322 videretur,

112 330 174 378 Asia
184 329 274 377 Licinio
286 327 370 377 Crasso
378 327 465 376 consuli
473 327 611 376 decernitur:
627 330 665 389 qui
672 330 780 378 intentior

8 405 13 414 ”
112 394 223 444 Attalicae
230 395 320 457 praedae,
331 408 397 453 quam
409 392 474 447 bello,
486 408 537 439 cum
548 400 650 440 extremo
660 395 713 440 anni
721 403 779 441 tem·

111 475 169 525 pore
187 456 313 508 inordinati
330 459 378 505 acie
399 457 504 519 proelium
525 459 682 512 conseruisset,
704 459 779 506 victus

33 560 36 564 1
111 539 194 587 poenas
204 524 338 572 inconsultae
349 522 448 569 avaritiae
460 522 570 583 sanguine
580 522 647 569 dedit.
676 521 704 569 In
712 525 780 586 hujus

110 590 190 637 locum
206 590 296 645 misas,
309 581 423 649 Perperna
437 587 517 634 consui
530 585 603 648 primi
617 589 778 650 congressione

112 654 270 702 Aristonicum
282 660 410 713 superatum
421 653 445 698 in
456 658 590 713 potestatem
601 667 664 698 suam
676 653 778 716 redegit3

113 718 270 777 Attalicaoque
280 732 358 779 gazas,
370 715 521 764 haereditarias
531 717 607 779 populi
618 716 725 773 Romani,
737 733 779 765 na·

113 783 181 831 vibus
200 782 321 844 impositas.
344 781 442 828 Romam
466 781 599 843 deportavit.
632 781 700 836 Quod
717 798 780 846 aegre

113 848 191 895 serens
209 862 324 894 successor
341 849 390 909 ejus
407 846 501 893 Manius
520 847 625 908 Aquilius
643 848 729 903 consul,
751 848 780 896 cd

113 912 254 973 eripiundum
265 911 420 958 Aristonicum
436 910 564 973 Perpernae,
579 913 649 959 veluti
660 914 694 959 sui
704 913 781 975 potius

114 978 222 1038 triumphi
242 991 324 1023 munus
346 992 396 1023 esse
418 976 514 1031 deberet,
535 976 639 1024 festinati
660 978 781 1025 velocitate

113 1042 239 1089 contendit.
273 1041 317 1088 Sed
332 1040 500 1088 contentionem
517 1041 634 1087 consulum
650 1058 712 1089 mors
723 1042 780 1091 Per-

112 1120 192 1170 pernae
203 1106 298 1153 diremit,
339 1105 377 1152 Sic
395 1104 452 1152 Asia
469 1104 624 1152 Romanorum
641 1105 709 1167 iacta,
727 1123 778 1156 cunr

112 1170 195 1235 opibus
206 1173 258 1228 suis,
270 1172 324 1218 vitia
334 1185 423 1232 quoque
434 1166 534 1216 Romam
544 1171 674 1219 transmisit.
