1800 2942
16 108 18 167 i
80 150 136 203 Car.
146 156 188 202 sl.
292 150 496 202 JUGURTHA.
712 158 745 203 68

79 288 114 330 tur
129 296 178 336 rex,
197 281 231 329 oti
246 283 400 337 oeusfimerar,
413 283 438 330 in
450 288 524 329 castra
533 282 613 340 veuit3
630 296 744 345 acpauou,

79 348 183 410 prasenti
201 347 305 403 concilio,
321 347 411 395 locutus
427 348 457 395 de
470 345 555 394 insidii
564 347 624 403 facti,
644 347 746 408 atquein
818 372 823 383 x

79 412 213 460 deditionem
235 413 270 460 uti
286 415 431 476 acciperetur,
453 413 538 474 reliqua
554 428 606 459 cum
625 411 705 459 Bestii
723 421 748 459 et

79 476 161 525 &auro
172 485 261 526 secreta
271 479 390 541 transigit:
409 479 461 525 dein
471 488 563 540 postero
573 478 616 532 uie,
630 478 694 538 quasi
705 491 747 539 per

78 550 174 590 nturam
184 542 303 604 exquisitis
314 544 437 598 sententiis,
448 544 473 589 in
484 543 619 590 deditionem
628 543 744 605 accipitur.

79 606 127 664 tad,
144 607 179 655 uti
189 623 232 670 pro
243 608 339 655 concilio
349 609 492 671 imperatum,
511 607 625 669 elephanti
642 609 744 670 triginta,

78 687 144 734 peerrs
154 680 224 734 atque
234 673 286 734 aqui
297 673 370 728 multi,
389 688 441 739 cum
452 689 523 735 parvo
533 675 622 736 argenti
637 673 744 735 pondere,

78 739 183 798 quaestori
199 738 326 785 traduntur.
359 737 496 800 Calpurnius
513 737 612 785 Romam
630 737 658 784 ad
672 737 745 799 mag·

78 809 157 850 stratus
169 804 284 866 rogandos
294 803 448 866 proficiscitur.
482 801 511 850 Iu
526 801 636 850 Numidid
645 810 670 848 et
680 817 745 850 exer·

16 888 18 905 >
79 867 121 914 citu
131 875 211 915 nostro
221 883 268 929 pax
278 870 410 931 agitabatur.

16 956 18 973 ·
108 931 194 979 XXX.
212 930 337 993 Postquam
359 949 395 979 res
414 934 437 979 in
456 930 535 978 Africa
553 939 637 993 gestas,
655 947 746 993 quoque

16 1016 17 1025 ¹
80 998 142 1046 modo
153 1004 211 1045 setae
224 996 307 1051 forent,
323 997 384 1044 fama
392 998 518 1059 dirolgavit
524 1014 532 1053 ;
549 996 633 1044 Rome
643 1011 684 1059 per
694 1012 745 1043 om·

16 1070 18 1089 ³
81 1062 185 1110 uisilooos
196 1063 389 1110 etconventusde
396 1061 457 1109 facto
466 1062 567 1110 consulis
577 1063 673 1124 agitari:
687 1061 746 1124 apud

16 1136 17 1139 ’
80 1125 161 1188 plebem
178 1127 258 1190 gravis
272 1128 372 1184 invidia3
390 1127 470 1174 Patres
486 1128 635 1189 probarentne
655 1133 745 1174 tautum

16 1206 18 1233 1
82 1189 196 1254 flagitium,
213 1207 243 1240 an
254 1193 368 1240 dentatum
379 1193 479 1239 consulis
490 1193 653 1245 subvorterent,
664 1206 744 1254 purum

81 1258 200 1305 emutat.
232 1256 269 1304 Ao
286 1272 391 1305 maxume
407 1273 447 1304 eos
463 1258 564 1320 potentia
580 1256 666 1308 Scauri,
683 1256 745 1317 quod

80 1320 185 1370 irauotor
196 1328 220 1369 et
230 1322 306 1370 socius
317 1322 528 1375 Beatissicrebstur‚
541 1336 624 1376 avero,
634 1322 744 1368 bonoim·

79 1387 183 1449 pediebat.
215 1390 251 1434 At
270 1385 433 1436 C.Menunius
452 1388 528 1451 (cujus
543 1387 572 1433 de
587 1386 689 1433 libertate
707 1387 744 1433 in·

78 1454 141 1515 genii,
163 1460 190 1501 et
209 1452 261 1500 odio
279 1454 387 1516 potentiae
404 1453 533 1507 nobilitatis,
550 1467 618 1513 supra
634 1449 744 1512 diximus)

78 1517 133 1566 inter
143 1519 307 1566 dubitationem
321 1527 347 1566 et
360 1534 436 1566 moras
446 1519 525 1573 senati,
546 1517 692 1564 concionibus
702 1530 745 1579 po·

77 1583 150 1644 pulum
168 1585 199 1632 ud
215 1584 374 1632 vindicandum
394 1585 493 1631 hortari:
512 1598 612 1638 monere,
635 1597 664 1629 ne
682 1597 744 1629 rem·

76 1649 191 1710 prblioam,
216 1664 246 1697 ne
266 1650 391 1696 libertatem
415 1665 478 1696 suam
501 1649 642 1696 detererent:
673 1648 745 1697 mulia

77 1715 172 1777 superba,
184 1714 283 1763 cnrdelia
292 1715 392 1763 iacimus
402 1715 524 1762 nobilitatis
533 1714 665 1762 ostendere:
678 1729 744 1777 pror·
780 1765 782 1771 ,

17 1820 18 1823 ,
76 1793 111 1827 rus
125 1782 228 1827 intentus
244 1781 306 1828 omui
318 1781 386 1827 modo
396 1781 469 1843 plebis
482 1781 582 1857 animum
599 1780 742 1828 accendebat.

17 2824 35 2893 i

77 1842 126 1903 sss,
144 1845 252 1905 quoniam
263 1844 291 1893 ei
301 1851 436 1908 tempestate
447 1845 553 1892 Memmii
568 1845 673 1894 iucundis
684 1846 744 1892 clara

75 1910 204 1972 pollensque
213 1910 266 1968 fuit,
273 1910 354 1957 decere
361 1911 503 1967 existumavi,
515 1926 583 1958 uuam
591 1925 621 1958 ex
628 1918 675 1958 tam
683 1909 743 1955 mul-

76 1974 102 2021 tis
117 1976 244 2023 orationem
261 1976 411 2037 persenbere3
429 1992 457 2023 sc
472 1977 629 2039 potissumum,
650 1990 702 2037 quae
718 1974 744 2022 in

75 2041 180 2118 mucione
201 2047 255 2103 post
271 2039 368 2087 reditum
390 2039 477 2089 Bestiae
493 2041 647 2106 hujuscemodi
668 2039 744 2086 verbis

75 2103 204 2225 fiffib
222 2169 323 2217 “mnu
333 2171 586 2223 annumeramus,
599 2169 708 2224 Quaeres,
719 2169 744 2216 nr
762 2226 764 2229 ,

67 2234 170 2283 ‘cunum
188 2234 320 2297 reipublice
339 2237 415 2282 omniu
434 2243 538 2296 superet:
558 2249 613 2296 opes
628 2233 743 2289 factionis,

74 2306 145 2348 vestm
156 2300 272 2362 patientia,
288 2301 328 2362 jus
345 2301 450 2357 nullum3
468 2314 494 2346 sc
504 2314 617 2354 maxume,
634 2300 695 2359 quod
706 2300 742 2345 in·

76 2366 182 2413 mentire
201 2364 254 2427 plus
263 2365 357 2427 periculi
375 2381 442 2426 quum
454 2366 546 2412 honoris
556 2371 598 2412 est.
631 2363 693 2411 Nam
705 2363 743 2411 illa

77 2430 159 2488 quidem
175 2430 240 2494 piget
256 2431 338 2485 dicere,
360 2431 395 2476 bis
412 2430 478 2477 aunis
494 2428 552 2477 XV.
568 2444 635 2490 quam
647 2429 743 2476 ludibrio

77 2490 156 2543 fueritis
172 2495 285 2558 superbia
303 2510 444 2557 paucorum
464 2509 531 2555 quam
546 2493 609 2541 ioede
629 2507 743 2554 quamque

77 2555 135 2607 inulti
152 2561 263 2623 perierint
277 2562 349 2608 vestri
364 2559 512 2616 defensorem
529 2567 555 2605 ut
568 2556 637 2605 'vobis
653 2557 742 2603 animus

78 2621 102 2670 tb
110 2624 199 2687 ignatii
209 2632 279 2687 atque
289 2625 390 2673 secordii
399 2631 520 2686 corruptus
530 2623 576 2680 sit3
593 2622 632 2683 qui
640 2635 670 2667 ne
681 2633 742 2666 nune

77 2689 166 2750 widem.
187 2691 294 2740 obnoxiis
311 2691 414 2747 inimicis,
434 2688 564 2752 exsurgitis,
582 2695 651 2748 atquc
672 2684 741 2730 etiam
