1800 2942
164 181 213 225 388
257 174 395 228 JUSTINI
411 173 465 225 Lm.
475 172 631 224 XXXVIII.
645 172 709 226 Cu.
722 180 764 227 lo.

116 317 119 326 ‘
165 323 217 369 que,
238 309 309 373 maJor
327 322 434 355 numeru·
454 305 507 354 fuit.
539 305 639 369 Argenti
660 314 726 355 certe
747 309 839 371 aurique

165 379 261 427 unnim,
281 381 307 420 ut
322 373 390 419 mam
401 372 499 435 gregarii
514 371 597 419 militer
611 371 699 434 caligae
714 387 774 421 auro
785 374 839 436 fige

167 444 225 494 rent,
241 439 441 500 proculcarentque
457 437 581 490 materiam,
597 437 663 497 eujus
674 452 757 485 amore
767 438 841 501 populi

166 501 226 549 ferro
241 502 354 550 dimicant.
388 499 522 550 culinarum
532 515 622 576 quopue
633 509 748 563 argentea
758 505 841 550 instru-

166 575 244 614 menta
252 566 323 622 lutire,
340 582 432 630 prorrua
443 568 506 627 quari
516 566 546 613 ad
561 565 646 627 epulan,
663 581 712 613 non
730 569 762 614 ad
777 568 840 622 bella,

165 640 295 694 pergerent.
326 632 464 680 Advenienti
486 631 600 678 Antiocho
623 631 690 677 multi
710 630 841 680 Orienmlm

81 725 85 735 1
165 711 233 759 aegea
243 695 366 750 occurrere,
380 697 495 744 tradentes
505 710 536 752 re,
548 709 663 757 regnaque
674 710 726 751 aua,
741 713 797 745 enm
804 712 841 744 ex·

169 762 294 810 uectatione
311 762 421 824 auperbiae
436 760 556 808 Parthica.
588 758 640 806 Nec
651 776 719 808 mora
731 777 845 826 congres-

168 825 228 872 aioni
248 824 298 872 fuit.
330 826 459 873 Antiochus
480 826 551 872 tribua
571 825 657 887 proeliia
680 826 768 882 victor,
792 841 842 874 cum

167 888 317 951 Babyloniam
329 889 468 952 oncupiaret
484 904 581 952 magnus
591 889 668 936 haberi
680 892 765 952 coepit.
795 891 841 937 Ita·

184 968 212 1001 ue
234 955 337 1001 omnibus
359 954 387 1001 ad
408 970 461 1001 eum
482 955 570 1016 populia
592 952 762 1012 delinientibus,
787 956 841 1002 nihil

168 970 260 1067 larthia
282 1019 361 1080 reliqui
386 1028 470 1082 preter
489 1020 575 1081 patrios
596 1017 654 1065 tinea
675 1019 729 1066 suit.
775 1020 840 1068 Tunc

169 1081 294 1132 Phrahatea
313 1083 458 1131 Demetrium
479 1084 503 1130 in
522 1084 613 1145 Syriam
633 1083 662 1129 ad
683 1086 842 1148 occupandum

169 1163 266 1211 reguum
283 1165 334 1196 oum
347 1148 455 1197 Parthico
470 1149 576 1211 praeaidio
592 1147 668 1201 mittit,
686 1157 713 1195 ut
729 1167 762 1198 eo
778 1159 842 1214 paeto

169 1214 298 1261 Antiochus
316 1215 345 1261 ad
364 1230 404 1262 auo
425 1214 509 1260 tuenda
530 1228 544 1259 a
567 1211 662 1264 Parthie
687 1224 845 1263 revocaretur.

170 1276 274 1334 Interim,
291 1281 397 1339 quoniam
413 1279 498 1325 viribus
515 1293 562 1326 non
578 1285 673 1339 poterat,
690 1279 784 1326 insidiis
795 1280 844 1326 An·

170 1344 272 1391 tiochum
283 1345 365 1405 ubique
376 1345 484 1391 tentabat.
511 1342 609 1405 Propter
618 1343 794 1391 multitudinem
804 1345 845 1409 ho·

170 1409 266 1463 utinum,
285 1409 408 1455 exercitum
422 1423 488 1456 auum
500 1408 628 1455 Antiochus
640 1422 681 1469 per
698 1408 806 1458 civitatee
821 1409 844 1453 in

171 1474 265 1521 hiberna
281 1474 400 1521 diviserat:
420 1489 472 1534 quae
486 1489 522 1521 rea
537 1473 601 1519 exitii
616 1487 685 1519 causo
696 1472 750 1520 luit.
784 1473 844 1520 Nam

171 1554 224 1586 oum
234 1540 323 1601 gravari
336 1554 360 1586 ae
371 1539 485 1600 copiarum
512 1538 629 1584 rrebitione
644 1544 668 1584 et
683 1538 776 1599 inJ'uriis
787 1538 844 1584 mili-

172 1609 222 1650 tum
237 1604 339 1651 civitates
353 1603 461 1658 riderent,
523 1600 620 1649 Parthos
631 1601 758 1660 deficiuot3
777 1612 802 1650 et
811 1603 847 1649 die

170 1665 258 1716 statuti
273 1682 352 1715 omnea
368 1668 425 1730 apud
438 1684 463 1715 se
474 1668 571 1714 divinum
587 1668 713 1713 exercitum
730 1683 775 1730 per
791 1669 846 1714 insi·

174 1732 231 1789 dlaa,
247 1747 277 1779 ne
289 1733 385 1780 invicem
395 1732 456 1780 lerre
465 1732 548 1780 auxilia
557 1739 657 1794 possem,
671 1733 847 1793 aggrediuntur.

173 1794 236 1851 Qnae
246 1812 298 1843 curn
310 1798 413 1845 nuntiata
424 1798 539 1844 Antiocho
551 1804 633 1852 errent,
646 1796 758 1843 auxilium
770 1797 848 1860 proxi·

173 1861 218 1907 mis
237 1860 330 1917 laturus,
351 1878 403 1908 cum
422 1861 450 1909 ei
467 1877 541 1915 manu,
561 1877 613 1922 quae
629 1875 708 1907 aecum
725 1862 847 1917 hiemabat,

150 1970 154 1978 ,
173 1925 323 1989 progreditur.
357 1924 386 1972 In
402 1927 483 1975 itinere
499 1927 590 1972 obvium
607 1940 687 1987 regem
707 1924 847 1973 Parthorum

173 1991 258 2045 habuit,
276 1990 384 2038 adventur
396 2006 463 2052 quem
474 1991 562 2045 fortius,
578 2004 646 2051 quam
661 1991 781 2038 exercitur
792 1992 846 2053 ejus,

175 2056 297 2104 dimicarit.
324 2056 361 2103 Ad
369 2065 508 2118 pontremum
518 2062 599 2108 tamen.
612 2069 664 2100 cum
672 2055 761 2101 virtute
769 2056 849 2103 bosna

174 2122 284 2175 vinceret,
311 2129 372 2168 metu
399 2135 491 2168 tuorum
518 2120 626 2174 deaertua,
654 2119 783 2166 occiditur:
814 2120 850 2166 eui

177 2183 303 2232 Phrahatea
314 2185 431 2246 exaequiaa
443 2185 506 2247 regio
517 2198 581 2230 more
590 2182 651 2237 fecit,
667 2181 787 2244 filiamque
798 2184 849 2231 De·

176 2249 257 2305 metrii,
279 2265 346 2310 quam
369 2265 446 2297 aecum
465 2249 594 2297 Antiochus
615 2247 748 2302 adduxerat,
772 2257 851 2311 captur

177 2315 254 2359 amore
264 2314 366 2375 virginio,
383 2328 476 2361 uxorem
488 2314 561 2360 duxit.
591 2311 709 2360 Poenitere
720 2312 806 2360 deinde
817 2315 850 2360 di·

177 2376 240 2422 mirri
258 2376 371 2424 Demetrii
390 2379 475 2440 eoepit;
491 2378 519 2425 ad
535 2392 603 2439 quem
619 2377 783 2424 retrahendum
800 2394 851 2426 cum

177 2446 264 2487 turmae
278 2442 378 2502 equitum
394 2441 501 2491 festinato
517 2443 621 2496 misisset,
640 2441 794 2490 Demetrium
809 2446 851 2491 hoe

175 2503 251 2565 iprum
268 2510 468 2568 metuentemJarn
486 2509 511 2553 in
528 2522 600 2569 regno
616 2508 680 2553 minei
695 2508 851 2566 invenerunt3

177 2565 306 2631 lrmtraque
316 2571 391 2622 omnia
398 2573 481 2627 conati,
494 2572 523 2620 nd
530 2586 609 2634 regem
620 2587 687 2621 ouum
694 2575 786 2621 rovorri
795 2583 853 2622 runt
