1800 2942
152 192 184 238 nl
385 180 589 233 JUGURTHA.
713 180 824 233 carn

153 332 186 373 sa,
197 316 297 364 exercito
307 327 402 376 corpore
412 311 493 368 fessus
509 312 533 360 in
543 313 605 361 lecto
614 312 761 374 quiescebat:
781 315 825 368 ubl,

153 382 252 445 eognitIa
268 379 402 427 Bomilcaris
418 380 501 436 verbis,
517 379 592 441 primo
601 392 661 432 cura,
681 377 765 426 deinde
774 381 827 491 1Sati

154 461 241 511 regrum
254 445 353 492 animum
364 442 433 504 solet)
451 457 545 491 somnus
559 444 626 507 cepit.
657 441 717 491 Erat
732 445 754 490 ei

154 513 216 559 mida
230 511 320 572 quidam
331 510 475 572 negotiorum
485 516 581 563 curator,
600 507 659 555 lidus
669 517 829 571 acceptusque,

155 586 179 624 et
195 576 297 624 omnium
313 575 468 633 consiliorum,
487 573 530 621 nisi
548 573 680 628 novissumi,
694 575 827 637 particeps:

156 642 195 705 qui
206 648 325 704 postquam
337 639 415 686 alatas
425 639 502 685 literas
513 640 605 695 audivit,
618 633 653 685 'ex
663 640 831 688 consuetudine
886 642 887 669 ³

156 715 219 754 ratus
230 703 299 768 operi
309 712 348 753 aut
358 705 452 768 ingenio
463 718 505 751 suo
519 718 576 768 opus
587 716 644 757 esse,
659 704 684 751 in
695 705 832 753 tabernacu-

156 773 206 821 lum
216 771 333 819 introivit:
353 769 480 817 dormiente
488 769 534 826 illo,
546 770 670 832 epistolam,
682 783 751 832 super
762 779 832 833 eaput

156 838 182 887 in
191 837 285 899 pulvino
296 843 381 883 temere
391 836 496 897 positam,
513 835 582 883 sumit
599 849 625 882 ac
643 834 757 897 perlegit:
777 837 832 885 dein
887 846 888 881 3

157 917 259 966 propere,
268 900 367 963 cognitis
376 900 471 955 insidiis,
485 899 514 946 arl
524 900 605 963 regem
612 900 694 962 pergit.
726 899 834 950 Nabdal·
887 900 888 905 ’

157 983 190 1022 sa,
201 973 254 1029 post
263 965 331 1028 poulo
341 974 493 1027 experrectus,
512 966 549 1011 ubi
565 978 639 1026 neque
654 965 773 1028 epistolam
795 983 834 1014 re·

157 1033 223 1097 perit,
238 1038 261 1078 et
272 1045 319 1078 rem
331 1045 429 1086 omnem,
446 1031 480 1076 nti
496 1038 552 1083 acta,
568 1030 691 1095 cognovit·
708 1030 783 1093 primo
795 1033 834 1080 in-
888 1050 889 1087 3

159 1098 232 1145 dicem
249 1095 352 1157 persequi
371 1104 480 1151 conatum
498 1102 617 1158 postqum
636 1095 659 1142 id
714 1102 761 1142 atra
778 1095 832 1157 fuit,

158 1160 297 1223 Iugurtham
307 1160 411 1221 placandi
421 1157 495 1223 gratii
504 1161 597 1215 accedit,
608 1175 659 1221 quae
670 1161 719 1220 ipse
729 1165 834 1222 pararis-

160 1234 201 1281 set,
218 1225 311 1288 perfidiis
331 1225 420 1272 cllentis
439 1226 474 1273 sni
495 1233 624 1289 preventa:
643 1225 772 1285 lacrymans
791 1230 834 1276 ob-
889 1256 890 1283 2

160 1300 256 1340 testatur
264 1291 441 1354 peramicitiam,
452 1298 658 1352 perquesnaantea
667 1289 838 1353 fideliteracts,
889 1290 890 1295 ’

160 1356 552 1478 ἰθὶῗῖἑιῗῖιῗὶιίῗῗὲἓῗῑιὲἔῗ
563 1356 834 1484 35:353?in
890 1460 891 1471 ,

160 1487 248 1551 placide
258 1488 380 1549 respondit
412 1485 543 1534 Bomilcare
560 1486 654 1547 aliisque
669 1486 755 1544 multis,
774 1503 835 1549 quos

162 1554 236 1600 socios
254 1553 384 1599 insidiarum
402 1560 552 1614 cognoverat,
569 1550 700 1608 interfectis,
715 1553 773 1599 iram
791 1570 838 1617 op.

162 1626 288 1680 presserat:
307 1633 337 1664 ne
355 1632 399 1679 qua
420 1632 450 1664 ex
469 1632 497 1665 co
515 1617 609 1679 negotio
628 1617 707 1664 seditio
727 1619 836 1679 oriretur,

163 1681 253 1742 Neque,
265 1688 318 1743 post
328 1682 351 1728 id
361 1682 471 1738 locorum,
485 1681 608 1744 Iugurthae
619 1682 667 1728 dies
677 1687 716 1729 aut
728 1698 776 1730 nox
786 1685 836 1735 ulla

163 1748 240 1808 quieta
249 1744 328 1792 inere:
348 1762 421 1808 neque
431 1746 482 1794 loco
493 1763 566 1808 neque
572 1746 662 1793 mortali
672 1747 785 1809 cuiquam,
794 1758 837 1801 aut

153 1812 267 1873 tempori,
280 1811 335 1857 satis
345 1813 450 1858 crederet
470 1812 532 1867 ciris,
547 1812 619 1859 hostis
628 1812 696 1874 Juxta
711 1824 833 1865 metueres

164 1877 351 1936 circumspectare
369 1876 451 1930 omnia,
468 1884 491 1924 et
505 1878 567 1924 omni
584 1877 678 1939 strepitu
695 1892 833 1939 pavescereg

164 1942 208 1990 elio
219 1949 286 2002 atque
296 1940 340 1986 alio
350 1940 408 1994 loco,
420 1956 481 2004 saepe
491 1950 570 1989 contra
580 1942 650 1989 rleous
658 1944 755 2005 regium,
763 1952 837 1994 noctu

164 2007 319 2069 requiescere;
330 2005 451 2061 interdum,
465 2022 545 2054 somno
556 2008 650 2061 excitus,
659 2009 754 2070 arreptis
766 2013 838 2060 armis

164 2071 287 2120 tumultum
308 2070 395 2119 facere:
425 2073 459 2120 ita
478 2071 607 2131 formidine,
632 2073 697 2138 qussi
718 2075 837 2135 vecordii,

164 2137 282 2200 exagitari.
480 2134 484 2141 ’

197 2200 322 2250 LXXIII.
339 2200 415 2264 Igitur
425 2202 542 2258 Meteilus,
554 2203 627 2250 ubido
635 2217 688 2248 casu
700 2201 841 2258 Bomssoarls

165 2275 189 2315 et
199 2267 282 2315 imilcio
289 2267 400 2330 patefacto
410 2283 440 2315 ex
450 2266 551 2330 perfugis
561 2268 676 2330 cognovit,
686 2283 771 2325 rursus,
777 2280 839 2320 tam.

167 2347 234 2394 quam
246 2332 273 2378 nd
288 2334 402 2393 integrum
419 2334 509 2388 bellum,
527 2340 609 2380 cuncta
619 2331 841 2399 paratfestinatque.

167 2396 276 2452 Marium,
295 2396 429 2458 fatigantem
447 2399 475 2444 de
486 2396 631 2460 profectione,
650 2397 718 2444 simul
735 2406 760 2446 et
779 2402 841 2452 invi.

167 2469 223 2516 tum,
234 2470 259 2508 et
269 2461 379 2509 offensum
391 2463 441 2518 sibi,
451 2477 529 2524 parum
541 2463 647 2510 idoneum
658 2470 726 2518 ratus,
743 2464 841 2518 domum

168 2527 267 2573 dimittit.
298 2525 333 2574 Et
343 2525 427 2573 Romae
437 2526 520 2587 plebes,
535 2528 613 2584 literis,
628 2542 680 2589 qnae
696 2528 725 2574 de
738 2527 841 2583 Metello

168 2606 195 2637 ac
206 2590 283 2638 Mario
300 2592 376 2637 missae
394 2598 465 2646 erant,
485 2593 590 2654 cognitis,
609 2592 695 2639 volenti
713 2594 792 2643 animo
812 2599 842 2646 de

169 2657 276 2703 ambobus
286 2663 424 2718 acceperunt.
459 2655 593 2718 Imperatori
604 2656 714 2713 nobilitas,
732 2673 786 2718 quae
798 2677 842 2710 sn·

168 2728 205 2771 ter
215 2722 298 2780 decori,
307 2719 399 2770 inridiae
407 2736 473 2771 esse:
493 2728 517 2770 at
527 2722 560 2770 iili
570 2721 634 2771 alteri
644 2722 735 2786 generis
745 2723 841 2775 hnmili-

803 460 828 492 u-
885 446 886 469 i
