1800 2942
386 516 576 585 JUSTINI

162 705 451 769 HISTORIARUM
471 701 795 765 PHILIPPICARUM

313 885 422 936 LIBER
439 881 636 936 SECUNDUS.

176 1166 197 1216 I.
214 1165 246 1214 In
256 1166 445 1214 relationererum
454 1166 481 1213 ab
489 1163 710 1228 Scythisgestarum,
718 1178 771 1226 quie
779 1178 817 1213 sa·

145 1233 175 1281 tis
186 1233 267 1296 ample
278 1231 451 1296 magnificeque
468 1231 567 1285 fuerunt,
584 1228 720 1291 principium
731 1230 760 1276 ab
770 1230 818 1276 ori·

145 1297 200 1362 gine
211 1298 357 1361 repetendum
365 1305 413 1345 est:
428 1312 475 1345 non
482 1297 543 1344 enim
554 1294 630 1342 minus
640 1293 815 1351 illustriainitie,

144 1379 212 1425 quem
223 1364 342 1426 imperium
353 1359 465 1419 habuere3
483 1376 525 1408 neo
536 1360 636 1408 virorum
654 1360 729 1422 megia
746 1374 816 1421 quam

143 1428 278 1477 feminarum
301 1429 420 1476 virtutibus
446 1424 561 1474 claruere:
594 1426 676 1488 quippe
697 1439 751 1471 oum
774 1425 818 1487 ipsi

144 1493 243 1543 Perthoa
258 1494 445 1555 Beotdenosque,
461 1492 554 1539 feminae
564 1497 640 1538 autem
651 1503 730 1538 eorum
742 1488 817 1538 Ame-

144 1576 231 1609 zouum
248 1575 326 1622 regna,
354 1557 507 1614 condiderint;
524 1570 617 1619 prorsus
633 1562 659 1603 ut
680 1569 718 1603 res
739 1561 819 1618 gestae

144 1625 245 1672 virorum
259 1625 424 1686 mulierumque
439 1621 633 1670 considerantibus
649 1620 762 1667 incertum
780 1621 817 1678 sit,

144 1696 196 1738 uter
214 1690 274 1752 apud
295 1705 335 1738 eos
353 1705 421 1737 sexus
442 1687 551 1735 illustrior
568 1685 645 1734 fuerit.
677 1684 816 1746 Scytharum

143 1768 203 1816 gens
219 1754 374 1814 antiquissima
390 1769 479 1816 semper
497 1752 586 1809 habim
603 1765 741 1812 quamquam
759 1751 819 1797 inter

145 1819 243 1879 Scythes
253 1828 278 1865 et
288 1818 414 1881 AEgyptios
424 1819 463 1865 diu
473 1816 590 1865 contentio
600 1815 726 1878 degeneris
737 1822 818 1863 vetus·

145 1890 192 1931 tete
201 1882 284 1929 fuerit:
303 1883 422 1945 AEgyptiis
431 1881 611 1945 praedicantibus,
633 1879 721 1926 “initio
732 1894 817 1935 rerum,

145 1963 198 1996 cum
217 1948 268 1994 alise
285 1954 353 1994 terrae
369 1949 439 1996 nimio
453 1947 544 1995 fervore
561 1945 615 1992 solis
632 1944 743 1997 arderent,
767 1944 820 1993 alise

146 2014 246 2076 rigerent
255 2012 348 2074 frigoris
358 2013 504 2067 immanitate,
521 2012 554 2058 ita
564 2016 590 2057 ut
600 2025 646 2056 uon
657 2008 726 2056 modo
736 2009 819 2070 prima

145 2093 255 2142 generare
262 2079 372 2132 homines,
381 2078 422 2124 aed
432 2093 462 2125 ue
472 2077 571 2124 eduense
581 2075 671 2135 quidem
680 2074 782 2135 recipere
792 2090 819 2123 ac

147 2143 205 2191 tueri
215 2150 316 2206 possent,
326 2144 457 2205 priusquam
468 2142 576 2190 adversus
586 2139 685 2187 calorem
695 2139 734 2185 vel
744 2138 819 2202 frigus

146 2208 275 2256 velamenta
294 2209 394 2271 corporis
411 2208 574 2261 invenirentur,
593 2205 631 2252 vel
647 2204 751 2250 locorum
764 2205 820 2252 vitia

147 2274 248 2334 quaesitis
270 2281 318 2321 arte
340 2272 443 2320 remediis
463 2271 612 2324 mollireutur,
635 2268 769 2331 AEgyptum
789 2272 821 2318 ita

148 2344 294 2400 temperatam
306 2353 394 2400 semper
405 2337 483 2393 luisse,
501 2340 527 2382 ut
537 2350 610 2396 neque
620 2334 714 2380 hibemn
724 2333 820 2397 frigora,

148 2417 191 2449 neo
210 2404 283 2449 estivi
296 2403 349 2449 solis
360 2403 451 2449 ardores
462 2401 548 2448 incolas
559 2402 607 2463 ejus
617 2406 761 2462 premerent:
782 2417 820 2447 so-

146 2467 196 2513 lum
207 2467 240 2513 ita
250 2466 379 2520 fecundum,
387 2474 413 2513 ut
423 2466 581 2512 alimentorum
589 2465 612 2510 in
621 2478 687 2509 usum
699 2463 821 2513 hominum

148 2531 211 2578 nulle
229 2537 289 2577 terra
305 2530 400 2577 feracior
416 2531 492 2577 fuerit.
523 2529 580 2578 Jure
591 2528 660 2590 igitur
677 2527 707 2573 ibi
720 2529 821 2590 primum

147 2596 251 2642 homines
269 2602 334 2641 natos
353 2594 424 2640 videri
441 2594 528 2647 debere,
545 2594 582 2640 ubi
604 2591 694 2639 educari
713 2591 823 2643 facillime

148 2657 264 2722 possent?
310 2656 403 2712 Contra,
427 2658 521 2719 Scythae
542 2658 595 2704 eoeli
616 2663 822 2718 temperamentum

150 2723 237 2772 nullum
245 2737 295 2774 esse
305 2723 425 2771 vetustatis
431 2730 589 2791 argumentum
597 2721 722 2786 putebentz
736 2725 823 2791 “quip-
