1800 2942
222 134 359 187 suarim
375 133 536 193 uuxvua
552 134 644 196 cna.
717 140 763 186 291
785 103 789 113 ’

100 265 206 324 nuribus,
221 267 301 314 mati
316 267 345 315 acl
358 266 435 317 urben
446 266 557 323 veniunt5
572 265 604 313 ibi
614 263 681 314 Daoi
691 265 764 313 bomi-

100 345 188 392 nssque
204 332 286 386 tamti,
302 346 349 381 non
368 347 393 380 se
411 338 572 394 expugnamur,
590 330 630 379 ssd
646 345 764 393 recupera·

100 403 151 442 tam
159 395 255 458 ,petriam
266 397 343 444 venire
348 413 356 454 ;
374 404 548 458 ascensurusque
557 396 643 443 civibus
653 395 706 452 suis,
718 409 764 452 nou

97 461 208 508 virmtem
227 461 268 508 ribi
286 463 360 524 priore
375 462 440 518 bello,
456 462 497 511 aad
514 461 635 516 fortunam.
652 459 764 519 Μυίας

98 526 217 588 prohibitis
235 528 404 585 commeatibus,
426 524 561 588 obsesdque
578 526 639 582 urbe,
658 527 683 572 iu
700 539 777 581 sums-r

97 603 162 641 mam
188 591 365 655 desperationem
391 591 589 654 Carthaginienses
615 591 764 648 micarunt.

98 651 193 703 Interea
212 653 310 712 Cmtalo,
333 657 420 705 Malcbi
437 657 522 707 aruis
539 656 604 721 (lucis
621 654 689 711 fliius,
710 669 762 713 curn

96 727 184 830 praeter
198 729 270 768 castra
287 723 357 784 patris
375 737 388 768 a
405 721 477 783 Tyro,
493 737 539 782 quo
554 718 658 768 decimas
665 719 762 769 Herculi

108 799 158 832 erre
173 798 202 831 ex
216 785 292 849 praedi
311 787 426 843 Siciliensi,
444 801 512 848 quam
524 793 588 849 pater
602 787 650 849 ejus
664 791 761 849 ceperst,

98 846 346 913 sCrrtbsginiensibus
356 853 439 900 missua
454 852 534 906 fuerat,
552 856 707 906 reverteretur,
723 863 761 897 ar·

98 914 238 976 oemitusque
248 924 334 979 epatre
344 925 409 973 esset,
425 917 488 980 prius
498 917 594 979 publicas
607 931 632 962 se
645 915 762 978 religionis

98 978 173 1026 officia
182 987 339 1028 exsecuturum
350 997 416 1042 quam
427 983 521 1044 priuatae
531 982 625 1043 pietatis,
639 979 761 1043 respondit.

98 1042 176 1097 Quam
187 1060 234 1092 rem
245 1047 288 1092 etsi
297 1046 389 1108 indigne
399 1045 469 1093 ferret
507 1054 548 1102 ter,
565 1061 611 1092 non
625 1053 700 1092 tamen
711 1046 759 1092 vim

96 1106 177 1155 ailerre
195 1110 298 1172 religioni
314 1125 381 1157 ausus
398 1119 440 1157 est
488 1112 600 1173 nteijectis
616 1111 696 1157 deinde
711 1110 759 1157 (lic-

95 1172 146 1229 bus,
156 1171 253 1230 cartalo,
262 1176 331 1237 petito
340 1181 466 1221 commeatu
475 1176 584 1236 npopulo‚
595 1189 647 1221 cum
655 1188 758 1222 reversus

59 1295 63 1297 Δ
96 1237 126 1285 ad
135 1246 222 1301 patrem
233 1247 300 1295 esset,
311 1247 447 1300 ornatusque
457 1237 554 1301 purpuri
564 1247 587 1285 et
596 1238 673 1285 infulis
683 1253 757 1286 sacer·

96 1301 159 1358 (lotii,
176 1304 276 1351 omnium
288 1320 313 1352 se
323 1304 393 1351 oculis
403 1305 523 1365 ingereret,
540 1310 594 1350 tunc
608 1304 632 1350 in
646 1310 758 1350 secretum

95 1368 192 1415 abducto
210 1377 274 1431 pater
291 1371 337 1416 sit:
362 1376 377 1398 “
389 1369 497 1415 Aususne
517 1383 551 1426 es,
573 1367 758 1415 nefandissimum

95 1440 170 1495 caput,
187 1432 230 1480 isti
244 1432 340 1495 purpuri
354 1441 377 1481 et
391 1448 445 1481 auro
459 1439 559 1491 ornatus,
575 1433 600 1480 in
613 1439 757 1495 conspectum

93 1505 130 1545 tot
140 1498 273 1545 miserorum
284 1499 366 1545 civium
377 1498 473 1546 venire?
489 1505 513 1546 et
524 1504 605 1545 moesta
618 1513 645 1545 ac
656 1499 759 1560 lugentis

92 1569 174 1618 castra,
189 1561 393 1610 circumfluentibus
408 1565 490 1624 quietae
502 1562 615 1609 felicitatis
624 1562 757 1625 insignibus,

92 1628 158 1676 velut
179 1627 354 1674 maultsbundur
372 1627 472 1674 intrare?
494 1627 643 1688 Nunquamne
664 1635 687 1675 te
708 1626 759 1676 eliis

88 1694 177 1757 Joctare
191 1692 302 1754 potuisti?
318 1692 402 1739 Nullus
420 1693 484 1739 locus
500 1693 578 1755 aptior,
594 1708 661 1756 quam
680 1693 759 1741 sordes

92 1758 170 1822 patris,
189 1765 213 1804 et
231 1758 303 1804 exsilii
321 1756 418 1804 infelicis
436 1772 544 1805 serumuae
558 1757 666 1806 fuerunt?
686 1758 757 1815 Quid,

92 1823 155 1885 quod
170 1821 237 1884 paulo
251 1828 304 1869 ante
319 1829 420 1877 vocatus,
436 1837 483 1869 non
498 1822 548 1870 (ilco
564 1830 657 1885 patrem,
676 1823 757 1871 ducem

93 1895 157 1936 certe
167 1886 250 1933 civium
261 1894 360 1941 tuorum,
375 1888 469 1949 superbe
480 1888 599 1950 sprevisti?
616 1888 678 1943 Quid
688 1904 757 1951 porro

94 1959 121 1999 tu
134 1953 160 1998 in
171 1949 270 2015 purpnri
283 1951 327 1999 isti
341 1954 474 2014 coronisque
487 1953 554 2009 aliud,
570 1968 637 2013 quani
651 1954 758 2000 victoria-

94 2031 147 2065 rum
164 2031 265 2063 mearum
281 2017 359 2065 titulos
377 2017 455 2079 geria?
472 2017 586 2072 Quoniam
604 2018 674 2080 igitur
690 2025 715 2064 tu
733 2018 758 2064 in

92 2091 160 2146 patre
170 2081 225 2127 nihil
235 2081 279 2128 nisi
293 2082 378 2129 exsulis
391 2097 474 2129 nomen
486 2083 597 2145 agnoscis,
613 2097 658 2144 ego
669 2097 758 2142 quoque

93 2147 253 2208 imperatorem
263 2161 301 2194 me
310 2148 390 2208 magia,
401 2162 468 2208 quam
479 2157 565 2209 patrem
576 2146 679 2208 cogitabo
685 2163 694 2204 ;
711 2155 757 2194 sta·

93 2220 203 2271 tuamque
212 2211 237 2258 in
247 2217 271 2258 te
281 2212 414 2278 exemplum,
427 2226 457 2258 ne
468 2213 518 2272 quis
528 2211 621 2273 posthac
630 2210 756 2258 infelicibus

16 2312 19 2319 .
93 2275 192 2324 miseriis
201 2275 271 2337 patria
284 2275 386 2323 illudat”
420 2280 497 2337 Atque
507 2277 540 2322 ita
550 2284 756 2324 eumcumornatu

92 2356 137 2389 suo
147 2341 172 2386 iu
182 2340 312 2387 altissimam
327 2356 417 2388 crucem
432 2342 456 2387 in
470 2348 591 2403 conspectu
605 2341 666 2389 urbis
680 2342 756 2404 suffigi

87 2405 166 2471 jussit.
199 2403 256 2452 Post
266 2420 350 2467 paucos
360 2405 440 2453 deinde
447 2405 502 2461 dies,
514 2405 674 2470 Carthaginem
683 2410 742 2471 capit
748 2425 757 2465 ς

91 2476 233 2531 evocatoque
253 2469 336 2533 populo
354 2470 383 2517 ad
403 2471 542 2527 concionem,
564 2471 636 2519 exsilii
653 2473 757 2536 injuriam

91 2535 201 2597 queritur,
219 2534 271 2582 belli
290 2536 445 2583 necessitatem
461 2542 566 2593 excusat;
582 2543 759 2598 contentumque

91 2597 189 2649 victorii
199 2597 246 2656 sui,
254 2599 338 2663 punitis
348 2600 476 2650 auctoribus
484 2600 616 2651 miserorum
626 2602 709 2651 sirium
720 2605 756 2649 in·
780 2598 783 2604 '
