1800 2942
147 136 196 183 ιιι
271 108 417 183 ‘Jusrrur
434 128 570 180 naxvr.
584 129 676 183 cns.

148 259 243 312 lemaeus
253 279 305 312 cum
315 260 399 325 magud
412 277 486 309 rerum
498 268 612 324 gestarum
629 259 702 324 glorid
708 262 821 314 moritur.

147 328 183 385 Is,
195 331 318 392 contraJus
330 329 438 390 gentium,
449 327 543 374 minimo
552 335 607 375 natu
617 342 647 373 ex
656 325 708 374 liliis
719 335 773 376 ante
780 330 821 376 in·

151 394 281 442 firmitatem
296 408 392 455 regnum
402 392 559 470 tradiderat,
540 407 632 454 ejusque
644 406 675 437 rer
669 392 781 470 populo.
782 409 822 442 rsa

151 460 237 507 tionem
249 459 388 505 reddiderat.
406 459 470 521 quus
482 472 527 504 non
538 457 612 503 minor
622 455 704 503 favor
697 471 722 504 ιιι
734 459 822 520 accipi·

156 525 306 599 endo,qua1n
317 523 386 584 patris
397 523 420 569 in
430 521 539 569 tradendo
554 536 626 598 regno
641 521 722 568 fuerat.
753 520 824 570 Inter

153 597 236 636 caetera
246 589 314 650 patris
331 595 354 634 et
366 586 406 633 filii
423 593 509 634 mutuae
518 586 608 648 pietatis
618 586 728 648 exempla,
750 589 823 635 etiam

154 668 182 700 en
190 669 225 700 res
236 667 335 699 amorem
343 652 432 714 populi
422 666 502 713 [ιινιιιι
495 650 672 705 'conciliaverat
681 650 742 711 quod
749 660 823 713 peter,

153 733 226 779 regno
237 732 257 765 er
250 716 356 779 publice
371 717 459 770 tradito,
476 716 576 777 [ιιίιιιιιιι
590 715 689 762 officium
700 716 750 792 regi
761 717 825 764 inter

73 794 74 805 ¹
154 782 262 829 satellites
272 780 362 836 fecerat,
378 781 486 842 omnique
495 795 568 843 regno
577 779 691 878 pulchrius
702 780 764 844 regis
771 796 825 830 esse

153 853 240 910 patrem
251 846 353 893 duxerat.

189 909 237 957 III.
253 909 299 957 Sed
315 910 375 956 iuter
393 907 555 970 Lysimachum
570 915 595 956 et
605 906 720 970 Pyrrhum
735 924 823 989 regem,

158 976 231 1023 socios
239 975 305 1037 pardo
316 981 369 1021 ante
379 974 486 1021 adversus
498 973 649 1028 Demetrium,
660 975 795 1021 assiduum
787 991 825 1022 ιιι-

115 1077 118 1084 .
157 1048 192 1086 ter
202 1055 267 1102 peres
277 1038 395 1086 discordiae
408 1037 493 1084 malum
503 1039 586 1085 bellurn
599 1046 707 1086 moverat.
741 1038 826 1088 Victor

156 1103 316 1165 Lysimachus,
333 1104 398 1166 pabo
410 1102 506 1164 Pyrrho,
526 1102 685 1150 Macedoniam
696 1119 826 1166 occupave-

157 1177 200 1216 rat.
222 1168 280 1217 Inde
289 1167 401 1222 Thraciae,
410 1182 437 1214 ac
447 1168 552 1230 deinceps
564 1167 684 1215 Heracleae
693 1169 778 1215 ιιιιΙΙιιιιι
788 1170 824 1217 in·

157 1235 247 1291 tulerat,
269 1235 332 1297 cujus
351 1233 411 1280 urbis
429 1239 453 1280 et
470 1233 533 1280 initia
552 1239 575 1279 et
590 1232 664 1280 exitus
682 1233 825 1282 admirabiles

157 1297 234 1347 fuere.
229 1300 330 1360 quippe
340 1297 436 1345 Boeotiis
446 1294 573 1359 pestilentia
582 1296 732 1344 laborantibus
743 1313 824 1346 oracu-

159 1364 207 1411 lum
218 1364 315 1426 Delphis
325 1362 475 1425 responderat,
493 1361 621 1409 coloniam'
614 1377 638 1408 ιιι
650 1360 719 1409 Ponti
730 1363 827 1425 regione

159 1443 246 1475 sectam
262 1426 358 1475 Herculi
376 1427 505 1474 conderent.
538 1424 599 1475 Cum
621 1417 723 1490 (propter
737 1434 826 1475 metum

159 1493 237 1556 longae
247 1508 273 1541 ac
287 1492 419 1555 periculose
429 1491 586 1554 navigationis,
604 1500 700 1539 mortem
715 1493 739 1538 in
754 1492 828 1570 patrii

161 1559 265 1605 omnibus
274 1555 461 1621 praeoptantibus)
476 1571 512 1604 res
523 1557 605 1604 omissa
615 1563 680 1612 esset,
697 1557 779 1604 bellum
791 1558 828 1605 his

117 1664 118 1667 ,
164 1621 294 1670 Phocenses
308 1622 446 1673 intulerunt:
465 1637 560 1683 quorum
576 1636 628 1668 cum
638 1621 733 1669 adversa
747 1623 829 1685 proelis

162 1694 299 1748 patermrtur,
317 1687 398 1734 iterato
408 1687 437 1734 nd
447 1687 562 1734 oraculum
573 1687 709 1745 decurruut3
732 1701 827 1749 respon·

162 1765 219 1805 sum,
230 1751 290 1797 idern
300 1751 352 1798 belli
361 1752 421 1812 quod
428 1750 692 1813 pestilentiaeremedium
700 1751 757 1799 t'ore.
776 1749 827 1813 lgi-

162 1823 200 1863 tur
215 1814 341 1877 conscripti
355 1817 487 1863 colonorum
503 1831 579 1872 manu,
600 1817 624 1863 in
641 1814 742 1863 Pontum
753 1815 829 1873 deleti,

164 1882 241 1929 urbem
251 1878 386 1927 Heracleam
397 1881 559 1939 condiderunt;
552 1886 600 1937 et,
612 1881 719 1941 quoniam
729 1880 828 1928 satorum

164 1945 267 2008 auspiciis
278 1945 302 1990 in
308 1959 347 1992 eas
355 1944 418 1992 sedes
425 1945 493 1993 deleti
504 1953 574 2000 erant,
585 1946 645 1994 brevi
655 1953 756 2008 tempore
763 1960 829 2008 mag-

165 2027 206 2059 nas
217 2025 271 2073 opes
281 2007 394 2072 paravere
425 2009 502 2057 Multa
512 2010 592 2058 deinde
602 2011 668 2073 hujus
679 2011 740 2057 urhis
751 2010 829 2058 adver-

168 2091 207 2123 sus
217 2075 324 2122 finitimos
334 2074 398 2131 bella,
410 2075 481 2122 multa
490 2076 557 2122 etiam
570 2075 699 2122 domesticae
710 2075 832 2122 insensio-

167 2141 203 2187 nis
213 2142 271 2188 mels
280 2137 351 2187 fuere.
383 2138 448 2186 Inter
458 2148 541 2187 caetera
556 2139 681 2202 magnilica,
699 2140 736 2187 vel
751 2141 831 2202 praeci·

167 2220 210 2266 pue
228 2206 283 2252 illud
300 2204 443 2252 memorabile
461 2205 511 2252 fuit.
543 2202 603 2253 Cum
620 2219 695 2251 rerum
706 2204 832 2266 potirentur

167 2269 325 2324 Athenienses,
337 2270 447 2330 victisque
458 2268 541 2324 Persis,
550 2269 648 2317 Graeciae
659 2276 682 2315 et
690 2269 755 2315 Asiae
764 2269 832 2315 tribu-

167 2339 217 2379 tum
233 2334 257 2380 in
276 2334 368 2381 tutelam
384 2335 461 2381 classis
477 2334 652 2396 descripsissem,
671 2334 776 2381 omnibus
792 2349 831 2379 cu-

168 2398 253 2460 pidead
261 2400 388 2461 praesidium
400 2399 478 2447 salutis
488 2413 535 2446 suae
544 2397 716 2454 conferentibus,
727 2398 770 2445 soli
782 2396 832 2444 He-

169 2463 296 2516 raclienses,
309 2464 338 2510 ob
348 2464 468 2510 amicitiam
480 2479 558 2526 regum
570 2463 722 2518 Persicorum,
734 2463 833 2510 collatio-

170 2542 222 2574 nem
243 2528 372 2575 abnuerant.
404 2528 493 2576 Missus
514 2529 588 2590 itaque
610 2529 637 2575 ab
659 2528 834 2587 Atheniensibus

171 2591 298 2639 Lamachus
304 2607 356 2639 cum
365 2593 465 2640 exercitu
472 2593 500 2640 ad
508 2593 686 2654 extorquendum
695 2593 756 2653 quod
767 2607 834 2655 negr-

170 2657 242 2714 batur,
254 2657 315 2714 durn,
327 2658 410 2706 relictis
422 2659 445 2705 in
456 2658 521 2706 litore
533 2659 633 2713 navibus,
648 2673 716 2720 agros
733 2656 836 2706 Heracli-
