1800 2942
397 524 585 593 JUSTINI

162 661 165 666 ¹
183 710 465 772 HISTORIARUM
484 711 822 775 PHILIPPICARUM

231 885 338 937 LIBER
353 887 568 938 TRICESIMUS
585 888 768 949 QUARTUS.

169 1045 830 1072 ———.—-.—.-..0.—.

196 1164 218 1215 I.
235 1165 320 1215 Pmms
330 1182 356 1215 ac
364 1166 528 1215 Macedonibus
536 1166 639 1221 subactis,
652 1165 833 1229 AEtolorumque

163 1232 249 1280 viribus
259 1234 383 1295 principum
394 1233 525 1294 captivitate
532 1232 658 1285 debilitatis,
667 1231 711 1277 soli
720 1232 798 1279 adhuc
804 1247 832 1280 ex

165 1295 257 1345 Graeeit
265 1296 369 1345 univerai
375 1297 457 1345 Achaei
463 1298 535 1343 'nimis
541 1304 645 1359 potentes
654 1302 710 1342 tunc
721 1299 831 1358 temporis

153 1360 276 1410 ,Romanis
287 1363 424 1417 videbantur,
435 1376 482 1409 non
493 1370 583 1424 propter
593 1361 736 1422 singularum
751 1363 830 1409 civita·

164 1425 221 1472 tium
239 1427 319 1473 nimias
334 1442 394 1488 opes,
412 1427 452 1473 sed
468 1435 559 1488 propter
571 1426 763 1487 conspirationem
781 1427 829 1472 uui·

162 1503 294 1538 vernarum:
314 1506 410 1552 namque
422 1492 511 1546 Achaei,
522 1492 574 1538 licet
584 1506 624 1552 per
634 1490 748 1544 civitates,
759 1491 828 1537 veluti

162 1569 204 1617 per
214 1557 319 1610 membra,
330 1557 395 1603 divisi
407 1557 459 1611 sint,
471 1565 540 1603 unum
549 1563 625 1602 tamen
634 1569 717 1616 corpus
725 1564 751 1602 et
758 1570 827 1602 unum

163 1619 282 1681 imperium
304 1622 400 1679 habent;
420 1621 604 1682 singularumque
621 1620 711 1666 urbium
730 1620 828 1681 pericula

163 1685 248 1731 mutuis
258 1685 342 1732 viribus
352 1685 490 1749 propulsant.
523 1684 683 1740 Quaerentibus
694 1684 766 1745 igitur
777 1684 826 1731 Ro·

163 1748 237 1793 mauis
247 1763 326 1796 causae
333 1751 391 1807 belli,
403 1751 537 1812 tempestive
546 1750 638 1797 fortuna
647 1748 752 1811 querelas
761 1748 827 1810 Spar·

162 1817 266 1857 tonorum
284 1814 372 1868 obtulit,
389 1830 485 1874 quorum
500 1830 567 1876 agros
578 1814 659 1860 Achaei
672 1822 766 1876 propter
778 1829 826 1859 mu-

162 1883 227 1923 tuum
243 1875 318 1922 odium
336 1878 506 1938 populabantur.
538 1878 679 1939 Spartanisa
693 1886 773 1924 senatu
790 1893 825 1924 re·

163 1956 272 2003 apouaum
282 1946 324 1995 est
334 1941 423 2002 legatos
432 1957 457 1989 se
465 1943 493 1988 ad
501 1943 649 2003 inspiciendas
658 1958 697 1988 res
707 1943 825 1998 sociorum.

163 2014 188 2064 et
202 2006 231 2053 ad
247 2005 350 2068 injuriam
367 2006 509 2064 demendam,
529 2008 553 2053 in
570 2007 685 2053 Graeciam
701 2007 823 2054 missuros:

163 2072 204 2118 aed
220 2071 301 2134 legatis
320 2070 408 2117 occulta
426 2072 530 2118 mandata
549 2072 600 2117 duta
621 2077 681 2124 sunt,
702 2079 729 2118 ut
747 2087 825 2134 corpus

160 2135 301 2186 Achaeorum
321 2135 476 2190 dissolverent
496 2136 639 2198 singulasque
658 2135 725 2182 urbes
745 2137 825 2199 proprii

158 2199 218 2261 juris
229 2199 337 2254 iacerent
354 2215 399 2262 quo
414 2200 501 2246 facilius
517 2202 546 2247 ad
558 2200 664 2260 obsequia
673 2209 823 2262 cogerentur3

164 2270 194 2317 et,
212 2264 230 2308 si
246 2279 297 2323 quae
306 2265 378 2310 vurbes
394 2270 540 2310 contumaces
558 2272 640 2318 esseut,
658 2264 822 2326 frangerentur.

161 2321 239 2385 Igitur
248 2326 323 2385 legati,
337 2328 437 2376 omniurn
454 2328 578 2374 civitatium
592 2327 731 2389 principibus
744 2327 822 2377 Coriu-

73 2387 76 2394 '
161 2389 226 2433 thum
235 2391 340 2443 evocatis,
353 2391 466 2437 decretum
478 2393 568 2439 senatis
579 2393 687 2439 recitant:
706 2393 761 2451 quid
771 2408 822 2440 con·

131 2443 134 2456 Χ
161 2450 206 2497 sitii
217 2450 319 2505 habeant,
333 2455 448 2514 aperiunt:
468 2456 573 2516 expedire
585 2456 687 2502 omuibus
699 2456 786 2511 dicunt,
800 2465 822 2504 ut

158 2514 257 2573 singulae
275 2515 377 2562 civitates
399 2533 439 2564 sua
452 2519 506 2577 jura
525 2528 548 2565 et
565 2535 617 2566 suas
636 2519 700 2579 leges
721 2521 820 2567 habeant

160 2576 231 2629 Quod
242 2576 278 2621 ubi
289 2580 391 2626 omnibus
401 2582 507 2638 innotuit,
517 2583 580 2630 velut
593 2584 617 2629 in
633 2583 736 2628 sororem
755 2586 819 2638 versi

159 2639 287 2687 universum
300 2643 444 2704 peregrinum
460 2646 567 2707 populum
585 2646 712 2694 trucidant:
731 2648 818 2708 legatos
