1800 2942
371 415 392 481 J
397 416 558 485 USTINI
618 460 622 469 ,

160 596 444 661 HISTORIARUM
464 598 788 662 PHILIPPICARUM

250 775 356 827 LIBER
373 776 534 828 DECIMUS
551 775 693 827 SEXTUS.

170 1055 191 1104 1.
210 1054 272 1102 Posa
285 1052 407 1104 Cassandri
415 1057 476 1118 regis
487 1054 571 1116 filiique
581 1056 630 1119 ejus
642 1053 742 1119 Philippi
754 1071 807 1104 con-

138 1123 213 1169 tinuas
223 1133 315 1175 mortes,
327 1119 489 1168 Thessalonice
500 1121 586 1183 regina,
603 1135 661 1166 uxor
677 1119 808 1179 Cassandri,

139 1203 185 1234 uon
196 1202 279 1250 magno
290 1192 342 1249 post
353 1193 461 1249 tempore,
477 1186 504 1232 ab
513 1184 634 1247 Antipatro
642 1184 696 1241 idio,
709 1201 762 1232 cum
773 1186 807 1233 vi·

138 1260 185 1299 tarn
196 1253 264 1299 etiarn
275 1267 315 1315 per
326 1252 393 1297 ubera
401 1257 504 1297 materna
514 1251 677 1311 deprecaretur,
689 1251 808 1297 occiditur.

140 1315 215 1371 Causa
224 1317 334 1380 parricidii
345 1315 393 1371 fuir,
411 1315 478 1376 quod,
501 1321 666 1378 postmortem
682 1314 766 1370 mariti,
784 1315 807 1361 in

139 1382 248 1429 divisione
259 1383 317 1427 inter
324 1380 482 1441 fratresregni,
489 1380 620 1442 propensior
628 1379 698 1426 fuisse
706 1379 807 1426 Alexan·

139 1447 181 1493 dro
191 1447 314 1493 videbatur.
337 1444 406 1499 Quod
416 1443 504 1491 facinus
515 1460 542 1491 eo
554 1444 645 1508 gravius
655 1444 762 1490 omndrus
771 1444 806 1490 vi·

139 1527 190 1558 aum
201 1519 243 1566 est,
254 1510 314 1571 quod
321 1510 407 1556 nullum
415 1516 524 1556 maternae
533 1508 617 1556 fraudis
625 1509 749 1571 vestigium
757 1506 806 1556 suit

140 1575 282 1636 Quamquam
291 1576 314 1621 in
322 1574 439 1636 parricidio
451 1573 512 1621 nulla
519 1574 639 1636 satisJusta
645 1588 713 1620 causa
722 1574 751 1620 ad
758 1588 806 1620 sce-

138 1639 190 1687 leris
197 1640 319 1701 patrocinia
327 1640 420 1702 praetexi
426 1645 507 1701 potest.
518 1638 609 1686 Obhaec
616 1638 696 1700 igitur,
705 1637 805 1685 Alexan·

138 1705 185 1758 der,
202 1705 226 1750 in
238 1704 346 1750 ultionem
356 1712 465 1751 maternae
482 1706 544 1750 necis
559 1711 664 1766 gesturus
675 1718 728 1750 cum
739 1702 807 1750 fratre

138 1769 229 1822 beilum,
241 1768 348 1813 auxilium
366 1784 380 1814 a
395 1767 516 1815 Demetrio
527 1769 599 1830 petit3
615 1783 658 1814 nec
673 1767 805 1815 Demetrius

139 1848 180 1895 spe
190 1832 310 1879 invadendi
321 1831 464 1879 Macedonici
477 1834 541 1895 regni
551 1848 637 1880 moram
647 1831 709 1879 fecit.
733 1829 804 1896 Cujus

138 1899 261 1945 adventum
278 1911 358 1943 verens
370 1895 527 1958 Lysimachus,
538 1897 657 1961 persuadet
667 1913 753 1960 genero
764 1912 804 1945 suu

139 1964 269 2026 Antipatro,
286 1968 312 2008 ut
328 1961 391 2007 malit
406 1977 459 2009 cunr
474 1963 543 2010 fratre
558 1963 582 2009 in
598 1963 694 2025 gratiam
716 1962 804 2018 reverti,

139 2044 206 2091 quam
216 2036 334 2092 paternum
345 2027 433 2074 hostem
441 2028 465 2073 in
477 2027 635 2075 Macedoniam
647 2027 741 2075 admitti.
765 2024 803 2073 In·

140 2094 242 2141 chosam
262 2094 330 2156 igitur
352 2093 411 2138 inter
431 2092 513 2140 fratres
531 2092 734 2139 reconciliationem
753 2106 803 2137 oum

139 2160 295 2218 praesensisset
317 2157 462 2211 Demetrius,
478 2173 518 2220 per
540 2157 630 2203 iusidias
650 2157 801 2203 Alexandrum

139 2223 260 2281 interficit3
278 2229 431 2286 occupatoque
449 2221 594 2269 Macedoniae
616 2236 694 2284 regno,
718 2221 800 2267 caedem

139 2289 198 2349 apud
216 2289 340 2334 exercitum
362 2296 515 2340 excusaturus,
532 2286 555 2331 in
578 2288 709 2335 concionem
731 2292 801 2333 vocat.

139 2344 175 2396 Ibi
186 2352 302 2413 “priorem
310 2367 334 2399 se
342 2352 435 2414 petitum
442 2353 470 2401 ab
477 2349 624 2398 Alexandro”
636 2351 731 2413 allegam
743 2356 801 2396 “uec

138 2412 219 2460 secisse
234 2431 265 2470 se,
277 2417 316 2462 sed
327 2416 447 2477 occupasse
460 2414 558 2470 insidias,
592 2414 681 2477 Regem
692 2423 765 2461 autem
776 2426 800 2460 se

140 2477 293 2533 Macedoniae,
311 2480 348 2526 vei
359 2482 432 2527 aetatis
443 2480 608 2541 experimentis,
619 2480 656 2526 vel
667 2479 747 2534 causis,
753 2480 799 2541 Jus-

139 2543 220 2589 tiorem
237 2559 294 2590 esse.
326 2543 417 2590 Patrem
434 2544 494 2589 enim
512 2559 577 2590 suum
592 2551 616 2590 et
633 2542 737 2605 Philippo
747 2543 798 2604 regi,

141 2614 163 2653 et
175 2608 305 2656 Alexandro
316 2607 412 2671 Magno,
425 2608 510 2655 socium
521 2609 545 2654 in
556 2609 619 2659 omni
629 2605 709 2655 militiai
718 2607 796 2664 fuisse
