1800 2942
144 181 187 226 ”³0
401 174 589 227 caunum..
701 175 778 228 εὖ».
789 185 835 231 51.

145 306 236 370 rseripd,
250 307 326 354 omnis
342 307 455 356 crurium
469 308 569 355 minores
579 307 759 370 quum-nemora
769 310 821 359 illo-

147 386 203 419 ·rum
210 387 274 419 esser
288 372 328 419 sed
337 372 439 434 plerique
444 374 551 420 mortales
559 382 673 435 postrema
678 372 803 423 memindre
811 391 830 434 ς’

147 443 175 484 ὀι
185 438 209 483 in
220 437 347 484 homiuibus
357 438 438 500 impiis,
455 439 553 485 sceleris·
562 439 632 495 obliti,
649 440 678 486 de
694 438 763 502 prend
773 440 821 487 dis·

150 507 235 556 serum,
254 503 274 549 si
284 517 311 549 ea
320 503 388 564 muln
399 504 499 550 severior
508 503 559 550 fuit.
586 503 619 550 D.
626 504 735 559 Silanum,
745 504 821 552 virum

147 566 232 613 fortem
240 574 307 628 atque
318 576 441 622 strenuum,
452 576 515 615 certe
522 570 576 623 seio,
587 584 639 630 quae
646 570 734 624 dixerit,
745 570 822 618 studio

150 631 279 694 reipublicae
296 632 386 686 dixisse,
403 648 478 693 nsque
493 633 597 680 illumin
614 633 678 681 tanti
688 649 714 681 re
723 635 821 696 gratiam

149 704 191 744 aut
201 697 329 744 iuimicitias
339 711 458 746 exercerer
477 713 518 744 eur
527 712 609 751 mures.
624 713 673 745 eam
685 700 821 747 modestiam

151 761 195 808 viri
214 762 321 824 cognovi.
353 761 440 809 Verum
460 764 572 810 sententia
588 777 634 809 nun
651 764 705 809 urihi
722 765 822 813 crudelis

152 826 219 890 (quid
235 828 296 873 euim
313 827 336 873 in
353 827 405 874 tulis
422 828 525 874 homines
543 828 633 874 crudele
648 827 697 874 lieri
713 829 822 891 potasti)

148 891 191 939 sed
202 891 274 938 aliena
284 907 297 937 a
309 890 421 953 republiel
432 890 509 939 nostri
519 893 614 940 videtur.
646 892 707 939 Nam
718 893 822 955 proiecto

152 963 192 1003 aut
202 964 275 1004 metus
286 964 325 1002 aut
334 957 415 1019 injuris
422 964 445 1004 te
451 958 547 1019 subegit,
560 958 643 1011 Silana
654 959 769 1006 consulem
781 959 824 1006 de·

150 1020 272 1083 sigrratum
284 1036 357 1083 genus
367 1036 443 1083 poeuae
454 1037 539 1069 novum
549 1023 677 1069 decernere.
693 1023 824 1073 Detinuere

151 1100 342 1147 supervacaneum
354 1094 390 1133 est
400 1088 516 1141 disserere,
524 1103 583 1141 cum.
591 1087 823 1151 praesentidiiigentid

151 1149 277 1198 clarissumi
293 1150 452 1206 viri'cunrulis,
461 1159 523 1199 tants
533 1152 637 1213 presidia
648 1153 694 1199 sint
709 1153 732 1199 in
743 1154 824 1202 armis.

149 1213 191 1262 De
197 1215 266 1277 poeui
271 1231 392 1277 possumus
399 1218 502 1278 equidem
510 1217 585 1264 dicere
591 1217 621 1272 id,
626 1217 687 1277 quod
696 1218 818 1265 reshabetr

150 1280 175 1326 in
186 1280 248 1327 luctu
258 1288 326 1341 sique
336 1283 432 1329 miseriis
441 1289 538 1329 mortem
549 1297 700 1329 aerumnarum
712 1283 821 1343 nequiens,

149 1359 197 1391 uun
217 1347 339 1393 cruciatum
356 1361 422 1405 esse;
441 1362 492 1394 eam
512 1357 595 1394 cuncta
609 1347 738 1394 mortalium
759 1348 822 1396 mala

150 1409 274 1458 dissolvere
279 1428 287 1468 ς
310 1411 369 1458 ultra
384 1426 458 1473 neque
474 1427 535 1459 curae
551 1427 625 1473 neque
639 1413 727 1475 gaudio*
743 1413 821 1460 lotum

149 1489 209 1523 esse.
243 1476 288 1523 Sed
311 1477 363 1540 (per
381 1476 436 1523 deus
454 1475 615 1537 immortulisD
632 1479 776 1539 quamobrem
794 1479 820 1525 in

148 1541 285 1588 sententiam
297 1556 343 1588 non
354 1541 464 1595 addidisti,
481 1542 514 1588 uti
529 1543 591 1604 prius
606 1543 734 1590 verberibus
745 1543 767 1589 in
779 1558 821 1591 eos

150 1605 383 1654 animadverteretur?
399 1621 436 1660 an,
447 1607 500 1666 quia
509 1607 547 1653 lex
558 1606 640 1654 Porcia
647 1608 728 1654 vetat?
739 1608 822 1655 stelias

148 1669 214 1734 leges
227 1672 283 1718 item
302 1672 458 1719 condemnatis
473 1672 559 1718 civibus
575 1686 621 1720 uon
637 1673 734 1720 animam
755 1674 821 1735 eripi,

148 1736 192 1782 ssd
211 1736 315 1783 exsilium
339 1737 446 1797 permitti,
470 1736 566 1798 jubent*
591 1738 643 1792 Au,¹
661 1739 713 1800 quia
727 1739 822 1800 gravius

149 1807 187 1847 ert
196 1801 315 1856 verberari,
326 1815 393 1861 quarn
404 1801 497 1848 necari?
514 1803 568 1863 q'uid
579 1810 654 1849 autern
665 1804 768 1853 acerbum
779 1811 820 1850 sut

149 1880 223 1927 grave
239 1866 305 1912 nimis
321 1865 345 1911 iu
362 1866 466 1912 homines
482 1867 538 1914 tanti
554 1866 661 1915 facinoris
682 1867 819 1915 convictos?

152 1929 193 1977 Sin
204 1931 257 1991 quia
267 1930 353 1987 levium
370 1932 408 1991 qui
419 1933 527 1978 convenit
543 1933 567 1978 in
582 1932 670 1980 minore
680 1933 774 1994 negotiu
784 1932 819 1980 le·

150 2008 204 2057 gem
221 1996 307 2050 timere,
327 2010 379 2041 curn
395 2012 446 2043 eum
465 1997 489 2043 in
507 1998 592 2059 majora
608 1995 753 2058 neglexeris?
787 1998 821 2045 At

148 2060 211 2107 euim
222 2060 273 2122 quis
285 2060 438 2121 reprehendet,
455 2061 517 2123 quud
527 2061 551 2107 iu
562 2061 682 2123 parricidas
692 2061 822 2124 reipublicae

147 2124 267 2173 decretum
284 2124 344 2171 erit?
360 2131 456 2189 tempus,
473 2126 528 2181 dies,
547 2125 645 2181 fortuna,
663 2127 727 2189 cujus
743 2126 822 2174 lubido

150 2191 257 2252 gentibus
267 2190 403 2237 moderatur.
435 2189 485 2237 Illis
507 2192 588 2237 merito
607 2191 693 2244 accidit,
713 2191 822 2252 quidquid
841 2213 844 2217 ²

148 2254 267 2301 eveneritr
287 2263 394 2302 esemrurn
410 2270 462 2312 vom
479 2254 558 2303 Patres
573 2253 710 2318 consumpti,
729 2256 785 2316 quid
796 2258 820 2303 in

151 2318 208 2366 alios
218 2321 328 2374 statuatis,
339 2322 486 2368 considerate.
519 2320 670 2368 Omnismsla
680 2321 822 2383 exemplaex

147 2383 216 2431 bunis
232 2392 281 2431 orta
297 2394 363 2433 suut:
383 2386 423 2433 sed
442 2386 479 2432 ubi
494 2385 613 2448 imperium
629 2386 658 2432 sd
673 2386 765 2447 ignaros
782 2393 823 2434 aut

50 2462 55 2469 ·
151 2449 226 2497 minus
244 2450 316 2496 bunos
334 2452 449 2511 persenit3
467 2466 551 2498 novum
562 2451 617 2497 illud
628 2448 822 2564 [exemplumsqab

149 2513 226 2576 &guis
237 2522 261 2562 et
271 2514 357 2562 idoneis
364 2515 506 2578 adiudignos
516 2523 540 2563 et
550 2530 596 2562 non
607 2516 701 2562 idoneus
711 2522 761 2563 trau
784 2532 821 2563 er·

149 2585 204 2626 turc
228 2577 404 2636 Lscedmmouii,
421 2581 516 2628 devictis
527 2581 710 2635 Atheniensibus,
726 2580 824 2643 tn'ginta

146 2645 214 2692 uirus
228 2644 363 2708 imperuim,
378 2647 418 2708 qui
431 2646 590 2708 rempublimm
602 2660 679 2692 eorum
691 2652 823 2694 tractarent.

148 2708 187 2760 Hi
203 2712 277 2775 prime
286 2710 384 2776 eoepire
397 2726 529 2775 pessmnurn
540 2725 659 2773 quemque,
681 2711 820 2759 eromuibus
