1800 2942
114 157 244 241 cremo
269 184 273 191 ·
350 185 552 239 waburna
739 192 785 240 11³

109 320 200 376 deinde,
216 321 254 366 ubi
264 319 306 366 lux
319 320 461 376 adventabat,
480 317 574 367 defessis
579 319 628 381 jhm
640 319 747 376 hostibus,
758 327 783 368 et

108 385 178 448 paulo
197 392 250 431 ante
265 400 346 431 somno
357 386 435 447 captis,
455 385 483 431 de
493 384 616 445 improviso
627 384 714 446 vigiles,
725 385 781 432 item

108 450 245 503 cohortium,
266 459 397 503 turmarum,
424 449 541 510 legionum
569 449 685 503 tubicines,
714 448 781 496 simul

109 516 186 561 omnis
205 515 271 576 signa
287 529 375 570 canere,
394 514 477 560 milites
488 513 609 560 clamorem
616 514 702 570 tollere,
713 523 781 576 atque

107 581 182 642 portis
203 594 327 640 erumpere.
359 577 437 625 Mauri
460 585 526 639 atque
546 578 638 633 Gaetuli,
658 580 737 640 ignoto
755 587 778 627 et

108 643 209 690 horribili
226 644 302 690 sonitu
320 650 412 704 repente
428 643 504 696 exciti,
521 657 594 704 neque
606 641 693 705 fugere,
705 659 779 704 neque

107 724 173 756 arma
191 723 278 770 capere,
300 723 373 769 neque
395 708 488 754 omniuo
508 706 583 754 iacere
601 715 640 754 aut
660 709 779 771 providere

106 775 230 836 quidquam
247 780 363 835 poterant:
387 773 419 819 ita
437 778 531 821 cunctos
550 772 652 834 strepitu,
672 774 777 830 clamore,

106 839 171 886 nullo
190 839 350 892 subveniente,
359 838 443 884 nostris
461 837 603 895 instantibus,
614 838 718 894 tumultu,
730 847 776 886 ter·

106 919 165 957 rore,
184 903 288 957 formido,
314 902 377 963 quasi
398 902 509 957 vecordia,
531 909 627 964 ceperat.
669 901 777 965 Denique

106 983 188 1016 omnes
198 967 242 1015 iusi
258 966 390 1030 fugatique:
409 981 471 1014 arma
481 973 505 1013 et
514 967 580 1026 signa
590 967 693 1014 militaria
703 968 777 1030 plera·

106 1049 152 1094 que
160 1040 238 1094 capta:
256 1032 374 1094 pluresque
385 1032 506 1093 eoproelio,
517 1046 583 1091 quam
595 1032 698 1079 omnibus
709 1048 777 1095 supe·

105 1099 211 1156 rioribus,
222 1097 348 1144 interemti:
368 1110 419 1143 nam
431 1111 512 1144 somno
526 1103 550 1144 et
557 1104 620 1144 metu
629 1097 721 1145 insolito
731 1098 775 1146 im·

151 1164 182 1209 'ta
234 1177 256 1209 a.

104 1163 169 1276 ped&
187 1162 250 1274 &a
261 1226 357 1282 Mariua,
374 1228 407 1274 uti
429 1234 535 1289 coeperat,
552 1229 576 1274 in
592 1227 700 1286 hiberna;
716 1243 776 1290 quae,

106 1300 199 1355 propter
217 1299 373 1347 commeatum,
385 1293 409 1338 in
420 1293 506 1354 oppidis
521 1293 646 1339 maritumis
656 1306 724 1354 agere
735 1295 776 1341 de·

105 1365 223 1405 creverat:
244 1373 316 1417 neque
327 1364 402 1404 tamen
413 1373 496 1411 secors,
508 1354 609 1412 victorii,
626 1364 665 1404 aut
675 1357 774 1406 insolens

103 1422 179 1470 factus
188 1438 197 1479 3
213 1422 253 1469 sed
269 1423 351 1484 pariter
367 1438 393 1470 ac
413 1423 436 1468 in
454 1429 576 1484 conspectu
595 1421 699 1476 hostium,
718 1438 774 1484 quu-

104 1488 171 1535 drato
189 1488 279 1549 agmine
300 1487 410 1534 incedere.
446 1487 509 1534 Sulla
527 1502 579 1533 cum
598 1486 698 1547 equitatu
715 1488 775 1549 apud

105 1552 233 1606 dexturnoa,
249 1553 273 1598 in
290 1550 380 1600 sicimis
396 1552 427 1599 A.
434 1551 537 1598 Manlius
554 1567 606 1598 cum
623 1550 773 1599 funditoribus

105 1626 130 1664 et
148 1617 277 1679 sagittariis,
291 1625 401 1679 praeterea
421 1617 520 1663 cohortis
536 1615 649 1678 Ligurum
666 1617 771 1664 curabat:

103 1684 191 1744 primos
206 1688 229 1728 et
245 1690 365 1735 extremos,
384 1696 436 1728 curn
456 1681 565 1742 expeditis
584 1681 711 1743 manipulis,
725 1683 773 1730 cn·-

101 1747 309 1794 bunoslocaverat.
339 1746 454 1807 Perlugre
469 1747 570 1793 minume
588 1747 640 1802 cari,
657 1754 680 1794 et
696 1747 773 1810 regio·
843 1788 846 1794 .

103 1828 160 1859 num
180 1811 336 1866 scientissumi,
355 1812 453 1858 hostiurn
470 1811 514 1858 iter
530 1811 686 1874 explorabant:
706 1813 775 1860 simul

103 1877 192 1931 consul,
204 1877 268 1937 quasi
276 1877 339 1923 nullo
354 1876 466 1937 imposito,
478 1878 554 1924 omnia
563 1878 696 1938 providere;
713 1878 773 1938 apud

102 1942 179 1990 omnia
201 1942 293 1998 adesse;
318 1941 414 1995 laudare,
435 1943 550 2004 increpare
565 1943 679 1988 merentis.
720 1939 774 2004 Ipse

102 2014 204 2053 armatus
221 2006 374 2066 intentusque,
391 2007 445 2053 item
464 2007 546 2054 milites
565 2007 676 2069 cogebst;
699 2020 774 2067 oeque

102 2086 178 2125 secus,
189 2078 257 2132 atque
267 2072 309 2117 iter
319 2069 399 2126 facere,
418 2079 492 2118 castra
502 2069 737 2128 munire‚>excubiturn
749 2070 774 2118 in

102 2144 182 2199 portas
203 2135 302 2182 cohortis
323 2151 352 2182 ex
370 2136 504 2197 legionibus,
523 2152 564 2197 pro
586 2135 665 2182 ansuis
686 2136 774 2195 equites

102 2201 235 2248 auxiliarios
251 2201 354 2247 mittere:
373 2208 481 2262 praeterea
500 2201 555 2248 alios
571 2215 638 2261 super
653 2199 737 2246 vallum
748 2201 773 2247 in

103 2266 253 2314 munimentis
263 2265 354 2322 locare;
371 2265 461 2326 vigilias
470 2266 519 2326 ipse
534 2265 658 2318 circumire,
670 2279 716 2311 non
727 2265 772 2312 dif-

102 2328 199 2377 fidentia
215 2329 293 2388 futuri,
310 2345 361 2390 quae
371 2331 533 2391 imperavisset,
544 2345 611 2389 quarn
622 2329 655 2374 uti
666 2330 773 2379 militibus

102 2401 238 2456 exaequatus
256 2410 307 2442 cum
326 2395 460 2455 imperatore
481 2395 543 2441 labos
561 2394 688 2442 volentibus
707 2402 775 2442 esset.

103 2458 139 2507 Et
149 2474 205 2506 sane
214 2459 310 2513 Marius,
322 2459 361 2506 illo
372 2470 395 2505 et
409 2460 459 2505 aliis
473 2459 609 2521 temporibus
617 2459 678 2513 belli,
689 2459 775 2520 pudors

103 2525 180 2585 magis
199 2540 267 2586 quam
283 2525 344 2571 malo
354 2525 479 2571 exercitum
490 2524 619 2571 coercebat:
639 2523 699 2584 quod
709 2525 773 2570 multi

102 2604 146 2650 per
162 2590 306 2636 ambitionem
322 2588 370 2636 fieri
388 2589 491 2646 aiebant;
508 2604 566 2650 pars,
584 2587 645 2648 quod
657 2586 776 2648 apueritid

101 2661 237 2702 cousuetam
248 2655 359 2708 duritiam,
378 2662 402 2700 et
418 2653 463 2700 alia
472 2669 524 2713 quae
534 2653 610 2700 caeteri
621 2652 721 2697 miserias
733 2667 775 2696 vo·

100 2727 163 2774 caat,
185 2721 295 2784 voluptati
313 2719 433 2767 habuisset.
470 2718 522 2766 Nisi
541 2725 617 2764 taurea
636 2714 776 2778 respublica

543 2786 583 2829 ιδ
