1800 2942
155 146 204 193 986
274 140 411 194 JUSTINI
427 140 586 193 Ian-XVIII.
602 142 662 195 Cas.
673 150 697 194 3.

156 274 228 335 qualis
243 273 319 322 noma
334 283 400 329 esset,
418 275 540 336 respondit,
556 280 661 337 “regum
678 276 755 322 urbem
775 270 822 321 sibi

156 338 256 386 visam.''
289 339 347 387 Post
358 342 408 387 haec
422 341 491 402 legati
508 339 634 387 Siculorum
651 340 826 402 superveniunt,

157 404 269 451 tradentes
281 404 370 466 Pyrrho
380 406 450 452 totius
461 406 541 451 insulae
554 405 679 466 imperium,
696 420 748 464 quaa
764 405 827 451 aas&

157 469 208 515 duis
220 467 439 532 Carthaginiensium
450 469 513 516 bellis
523 471 652 516 vexabatur.
682 468 774 530 Itaque,
787 484 827 515 re·

156 532 210 580 licto
223 533 302 580 Locris
313 536 444 581 Alexandro
454 533 508 588 filio,
516 533 653 594 firmatisque
660 534 775 580 sociorum
788 533 823 580 ci·

157 598 262 645 vitatibus
272 599 347 646 valido
356 600 468 661 praesidio,
486 600 510 645 in
524 599 622 646 Siciliam
635 599 760 645 exercitum
777 605 826 644 tra·

157 662 217 708 ‘ecit

153 677 165 726 J
190 724 241 774 111.
257 726 290 774 Et
297 729 402 788 quonium
414 728 442 775 ad
451 726 671 789 Carthaginiensium
681 727 828 774 mentionem

158 800 252 837 ventum
268 800 308 846 est,
326 793 354 838 de
370 794 458 854 origine
473 808 550 839 eormn
566 807 635 854 pauca
650 793 745 839 dicenda
761 798 823 844 aunt,

158 857 259 917 repetitis
270 855 392 917 Tyriorum
403 858 470 918 paulo
480 858 547 904 altius
561 858 633 913 rebus,
648 872 747 918 quorum
758 868 827 902 casus

159 921 226 979 etiam
246 921 333 968 dolendi
352 920 450 969 fuerunt.
483 921 605 984 Tyriorum
625 936 683 984 gens
700 922 793 969 condita
811 935 826 969 a

160 984 305 1032 Phoenicibus
315 985 371 1041 iuit;
389 987 434 1046 qui,
445 994 514 1034 terrae
523 996 587 1034 motu
597 987 681 1041 vexati
692 987 773 1033 relicto
783 1000 823 1047 pa-

159 1050 210 1096 triae
232 1051 287 1105 solo,
310 1051 430 1113 Assyrium
453 1059 558 1114 stagnum
580 1053 661 1113 primo,
690 1066 746 1097 mox
767 1049 825 1096 marl

159 1115 288 1178 proximum
298 1116 352 1162 litus
362 1117 510 1171 incoluerunt,
528 1115 619 1162 conditi
633 1117 664 1162 ibi
675 1118 737 1169 urbe,
755 1126 825 1176 quarn

160 1181 278 1243 tpiscium
295 1182 395 1227 ubertate
412 1181 496 1227 Sidona
512 1181 694 1243 appellaverunt3
712 1195 765 1227 nem
777 1181 824 1241 pis·

160 1260 211 1293 cem
228 1245 348 1292 Pireniecs
360 1246 430 1293 Sidon
446 1253 535 1292 vocant
568 1245 625 1292 Post
641 1246 726 1292 multos
743 1244 824 1291 deinde

160 1314 238 1364 annos,
256 1324 334 1372 arege
346 1311 518 1356 Ascaloniorum
529 1311 658 1373 expugnati,
677 1310 773 1356 navibus
785 1322 824 1371 ap-

160 1374 824 1501 liffllld‘l‘ddiiiiiiiudiliiqffiissili

159 1506 258 1553 victores
268 1505 359 1565 quidem
369 1503 447 1561 firdre5
466 1505 511 1565 sed,
529 1506 609 1552 attritis
620 1505 710 1558 viribus,
728 1519 743 1550 a
753 1503 824 1551 servis

160 1571 208 1618 s'uis
218 1570 360 1617 multitudine
374 1570 535 1617 abundantibus
545 1571 639 1631 indigna
653 1568 762 1631 supplicia
771 1583 823 1629 per·

160 1635 220 1697 pessi
232 1643 300 1691 sunt3
317 1636 362 1695 qui,
374 1635 539 1696 conspiratione
549 1633 615 1690 iacta,
626 1649 717 1681 omnem
728 1633 824 1679 liberum

160 1700 268 1761 populum
284 1713 335 1744 cum
353 1699 448 1746 dominis
465 1697 614 1756 interficiunt3
631 1706 698 1759 atque
712 1698 745 1744 ita
758 1698 823 1759 potiti

159 1763 222 1817 urbe,
238 1764 296 1809 lares
307 1763 448 1810 dominorum
459 1771 574 1827 occupant,
589 1763 749 1824 rempublicam
759 1763 823 1809 inva-

161 1827 224 1881 dunt,
240 1827 349 1889 conjuges
364 1829 455 1882 ducunt,
472 1837 502 1884 et,
519 1829 579 1890 quod
592 1828 635 1890 ipsi
648 1842 693 1874 non
708 1834 780 1882 erant,
795 1826 824 1872 li·

159 1893 226 1939 beros
244 1900 367 1954 procreant
401 1892 469 1939 Unus
488 1908 518 1939 ex
537 1900 572 1940 tot
589 1893 688 1939 millibus
707 1900 824 1938 servorum

159 1954 210 2013 suit,
227 1956 335 2018 quintili
351 1957 450 2018 ingenio,
467 1959 527 2004 senis
542 1958 627 2004 domini
642 1956 774 2019 parvulique
784 1955 824 2001 lilii

161 2024 210 2085 eJus
220 2020 312 2069 fortunii
323 2030 449 2068 moveretur
459 2038 466 2079 ;
483 2023 630 2082 dominosque
643 2037 689 2068 non
701 2022 758 2067 truci
769 2019 823 2067 ieri·

160 2094 207 2134 tate
217 2088 346 2141 trucidaret
362 2087 403 2133 sed
412 2087 457 2148 pire
467 2086 627 2133 misericordiae
637 2087 777 2133 humanitate
788 2096 823 2131 re·

137 2203 139 2206 v
161 2154 264 2213 spiceret.
296 2149 383 2212 Itaque,
398 2166 449 2197 cum
462 2153 524 2199 velut
534 2153 620 2198 occisos
631 2149 758 2204 alienasset,
775 2164 823 2195 ser·

160 2218 240 2278 risque
255 2218 282 2263 de
298 2223 359 2262 statu
374 2216 501 2277 reipublicae
516 2216 687 2262 deliberantibus
703 2215 824 2277 placuisset

160 2295 238 2342 regem
254 2297 284 2327 ex
300 2297 341 2326 suo
357 2296 449 2342 corpore
466 2282 543 2334 creari,
562 2294 658 2340 eumque
673 2280 823 2342 potissimum,

160 2347 223 2406 quasi
232 2346 409 2406 acceptissimum
419 2344 479 2399 Diis,
491 2347 528 2406 qui
538 2345 607 2391 solem
619 2346 728 2391 orientem
740 2345 824 2406 primus

159 2410 260 2463 vidisset,
272 2425 320 2455 rem
331 2411 359 2456 ad
370 2411 498 2457 Stratonem
510 2411 565 2474 (hoc
573 2412 632 2456 enim
641 2411 662 2455 ei
669 2422 753 2456 nomen
764 2405 822 2466 erat)

161 2475 277 2521 dominum
289 2476 376 2521 occulte
386 2475 493 2521 latentem
505 2469 591 2522 detulit.
623 2475 661 2521 Ab
669 2490 697 2521 eo
705 2474 823 2525 formatus,

160 2542 212 2586 eum
227 2538 300 2586 medio
311 2540 384 2585 noctis
395 2554 474 2586 ornnes
488 2541 511 2586 in
527 2552 597 2586 unum
612 2553 715 2601 campum
732 2550 823 2600 proces·

160 2604 249 2658 darent,
262 2604 349 2650 eaeteris
359 2605 383 2650 in
393 2605 503 2650 orientem
515 2606 672 2667 spectantibus,
689 2603 751 2651 solus
762 2603 824 2649 occi·

161 2669 237 2717 dentis·
248 2669 363 2733 regionem
378 2669 511 2718 intuebatur.
544 2667 572 2717 ld
585 2671 682 2733 primuni
694 2669 743 2716 eliis
754 2666 825 2715 rideri
