1800 2942
136 128 184 173 166
288 121 425 175 IUSTINI
441 120 541 171 LrnII.
558 119 619 171 Gur.
630 125 652 171 8.

135 253 262 315 reipublicae
272 254 353 301 nnnuia
363 253 532 316 magistratibus
542 252 659 314 permissa.
691 250 737 299 usu
747 250 809 300 etvi-

133 319 175 365 tati
186 319 255 367 nullae
264 327 320 367 tunc
338 319 402 381 leges
419 326 497 365 eraut:
516 318 569 378 quIa
582 317 651 362 libido
667 330 749 378 regum
764 333 810 380 pro

132 384 221 446 legibus
232 385 359 431 habebatur.
393 382 491 446 Legitur
507 381 582 443 itsque
602 381 682 438 Solon,
693 383 728 428 vir
734 382 808 443 justi·

134 449 174 496 tiae
184 450 286 512 insignis,
305 449 344 510 qui
355 449 418 496 velut
429 461 512 495 novam
522 447 638 494 civitatem
648 447 736 509 legibus
747 461 808 494 con·

134 514 211 561 deret:
230 514 270 576 qui
280 523 344 561 tanto
358 520 536 576 temperamento
552 512 611 559 inter
629 511 717 573 plebem
737 526 807 560 seua·

134 586 228 640 tumque
238 580 294 641 egit,
308 581 378 643 (cunr,
390 579 472 640 siquid
484 593 525 639 pro
535 577 606 624 altero
618 577 696 624 ordine
707 576 807 634 tulisset,

133 644 197 690 alteri
216 644 378 706 displicitumm
395 641 520 703 videretur)
537 653 563 689 ut
577 642 605 690 ab
615 641 716 704 utrIsque
725 656 806 704 parem

132 709 229 771 gratiam
240 710 345 757 traheret.
377 707 456 772 HuJus
466 708 509 756 viri
520 709 579 754 inter
594 707 667 753 multa
677 707 772 769 egregia
783 714 808 755 et

121 774 187 835 ⁴illud
204 775 348 822 memorabile
365 773 416 820 luit
448 771 514 820 Inter
535 772 688 820 Athenienses
709 780 733 818 et
748 771 806 826 Me·

130 853 246 901 gsrenses,
268 839 297 886 de
317 841 454 902 proprietate
482 838 603 886 Salamiua
627 837 716 894 Insulae,
734 852 807 900 prope

131 918 203 964 usque
214 904 329 951 interitum
337 906 405 951 armis
415 904 545 952 dimicatum
555 902 634 950 fueret
661 901 719 950 Post
729 902 808 950 clades

131 968 225 1026 multus,
238 969 319 1032 capital
334 985 385 1016 esse
395 970 454 1031 spud
470 969 623 1017 Athenienses
634 968 712 1030 coepit,
725 969 806 1029 siquis

130 1033 207 1095 legem
218 1033 247 1080 de
257 1033 391 1081 vindicandi
398 1032 472 1082 insuit
482 1034 578 1081 tulisset.
611 1032 727 1080 Sollicitus
734 1032 808 1094 igitur

132 1097 210 1153 Solon,
227 1114 257 1146 ue
272 1108 313 1146 aut
330 1100 424 1146 tacendo
436 1115 515 1161 purum
527 1098 654 1162 reipublicae
665 1097 805 1157 consuleret,

130 1170 171 1210 aut
182 1165 295 1211 censendo
306 1165 354 1219 ubi,
371 1166 467 1212 subitam
482 1165 617 1211 dementiam
625 1162 723 1218 simulat,
740 1162 808 1224 cujus

131 1227 199 1276 venii
215 1245 262 1276 non
281 1230 382 1278 dicturus
400 1230 470 1277 modo
485 1229 602 1292 prohibita,
618 1228 658 1275 sed
669 1235 693 1274 et
703 1227 808 1275 facturus

131 1300 187 1341 erat.
215 1294 334 1343 Deformis
342 1296 424 1350 hubitu,
435 1309 499 1341 more
506 1294 643 1347 vecordium,
655 1293 678 1338 in
691 1293 808 1354 pubiicum

131 1360 207 1407 evolat
213 1376 222 1419 ;
238 1360 344 1423 factoque
354 1375 465 1408 concursu
473 1360 598 1416 hominum,
609 1374 654 1419 quo
662 1358 738 1421 magis
748 1373 808 1406 con·

131 1424 207 1472 silium
220 1425 377 1480 dissimularet
388 1425 484 1472 insolitis
495 1425 536 1471 sibi
544 1425 646 1472 uersibus
656 1424 752 1471 suadere
762 1439 808 1486 po·

131 1491 185 1552 pulo
196 1492 271 1553 coepit,
283 1491 344 1552 quod
360 1492 489 1538 vetabatur:
509 1490 655 1549 omniumque
670 1488 760 1535 animos
773 1489 809 1538 its

130 1557 197 1617 cepit,
210 1565 236 1602 ut
246 1556 360 1618 externplo
370 1555 453 1602 hedum
468 1555 577 1602 adversus
593 1552 746 1616 Megarenses
765 1553 807 1601 de·

130 1629 266 1730 (gemeretur,
278 1622 401 1683 insulaque,
410 1620 505 1668 devictIs
510 1620 619 1673 hostibus,
627 1617 807 1667 Atheniensium

149 1692 204 1731 eret.

166 1748 240 1795 VIII.
259 1747 350 1797 Interea
365 1750 521 1813 Megarenses,
534 1763 646 1796 memores
661 1748 718 1797 illati
729 1749 807 1797 Athe·

130 1813 246 1861 iriensibus
259 1815 319 1869 belli,
335 1823 359 1862 et
371 1816 461 1869 deserti,
479 1830 508 1861 ne
524 1814 607 1861 frustra
625 1829 687 1861 unna
706 1815 808 1861 movisse

129 1878 266 1933 viderentur,
275 1889 390 1926 matronas
398 1880 571 1927 Atheniensium
578 1880 601 1926 in
611 1878 729 1927 Eleusinis
737 1880 808 1926 sacris

130 1953 201 1991 noctu
216 1945 351 2007 oppressuri,
367 1959 437 1991 naves
453 1945 615 1991 conscendunt.
654 1942 708 1998 Qud
726 1961 751 1992 re
766 1961 806 1992 co·

130 2008 201 2072 gniti,
208 2011 255 2057 dux
262 2009 435 2057 Atheniensium
443 2009 574 2057 Pisistratus
581 2011 726 2072 juventutem
737 2011 762 2055 iu
770 2010 807 2056 in·

132 2075 194 2121 sidiis
204 2077 271 2131 locst,
279 2076 349 2138 jussis
360 2075 469 2122 matronis
481 2076 547 2122 solito
559 2075 656 2122 clamore
667 2089 694 2121 ac
710 2076 806 2137 strepitu

131 2141 199 2186 etiam
211 2141 235 2187 in
247 2156 338 2188 accessu
356 2142 461 2195 hostium,
478 2156 508 2187 ne
518 2140 645 2187 intellectos
657 2155 681 2185 se
696 2141 807 2198 sentiant,

131 2219 196 2252 asera
210 2207 337 2253 celebrare:
365 2222 514 2269 egressosque
533 2207 627 2252 navibus
652 2204 807 2266 Megarenses

129 2269 272 2331 inopInantes
286 2287 415 2334 eggressus,
438 2271 536 2327 delevit;
559 2285 585 2316 uc
604 2270 715 2332 protmus,
733 2270 806 2317 classe

129 2334 219 2397 captivi
232 2337 368 2383 intermixtis
385 2337 521 2389 mulieribus,
537 2342 563 2381 ut
579 2335 675 2397 speciem
688 2343 806 2396 captarum

129 2408 284 2447 matronarum
295 2403 427 2463 praeberent,
440 2400 539 2462 Megara
549 2400 672 2446 contendit
700 2397 740 2446 Illi
752 2415 805 2446 curn

130 2473 155 2511 et
163 2466 254 2511 naulum
265 2465 368 2518 formam,
383 2473 406 2513 et
416 2465 509 2527 petitam
520 2466 619 2527 praedam
629 2472 805 2525 cognoscerent,

129 2530 190 2576 obvii
200 2530 228 2576 ad
238 2538 329 2591 portum
337 2531 474 2592 procedunt:
494 2531 574 2591 quibus
585 2530 657 2587 caesis,
669 2528 805 2576 Pisistratus

128 2595 220 2655 paulum
244 2610 258 2641 s
279 2595 388 2657 capiendi
409 2596 464 2641 urbe
486 2594 564 2641 abfuit.
597 2592 634 2641 lta
651 2593 807 2654 Megarenses

127 2660 175 2707 suis
192 2659 250 2709 dolis
263 2660 323 2708 hosti
341 2661 459 2708 victoriam
475 2657 564 2708 dedere.
596 2659 643 2708 Sed
661 2657 804 2713 Pisistratus.
