1800 2942
379 501 564 569 JUSTINI
610 538 612 542 ·

162 686 444 750 HISTORIARUM
463 686 787 750 PHILIPPICARUM

327 863 434 914 LIBER
450 863 622 919 QUARTUS·

393 963 397 996 r

173 1143 194 1191 Ι.
210 1142 326 1192 Srcrnmr
350 1140 426 1190 ferunt
447 1142 550 1205 anguntin
572 1142 686 1202 quondam
704 1141 810 1191 saucibus

141 1207 216 1257 Iulio
226 1209 360 1265 odhaenime3
377 1207 538 1267 diremumque
549 1207 612 1253 velut
622 1222 636 1253 n
646 1222 747 1269 corporo
758 1221 810 1254 mn·

136 1275 189 1336 jore
198 1275 283 1335 impetu
294 1272 368 1335 nuperi
379 1272 453 1326 muris,
472 1273 532 1333 quod
549 1279 598 1318 toto
617 1271 728 1318 undarum
739 1286 811 1319 onere

141 1338 195 1385 illuc
207 1340 302 1386 vehitur.
335 1336 380 1383 Est
393 1344 468 1382 nutem
486 1337 534 1396 ipsa
552 1343 612 1382 terra
626 1337 701 1382 tenuis
720 1350 746 1382 ac
763 1335 810 1382 frn-
852 1340 855 1346 ”

141 1403 209 1465 guin
225 1409 249 1450 ot
259 1402 360 1449 cavernis
376 1400 507 1461 quibusdum
524 1398 650 1461 fistulisque
660 1400 692 1447 ita
702 1407 809 1462 penetra·

140 1467 198 1523 bilis,
215 1474 241 1514 ut
254 1475 372 1515 ventorum
395 1471 443 1511 torn
460 1464 531 1511 ferme
550 1463 638 1512 flatibus
656 1471 747 1527 puteat5
765 1480 811 1512 neo

141 1546 187 1579 non
199 1540 222 1579 et
232 1532 321 1595 ignibus
338 1529 472 1593 generandis
491 1529 658 1589 nutriendisque
677 1529 720 1575 noli
737 1529 809 1592 ipsius

140 1597 247 1643 nntumiin
268 1596 374 1642 materia:
392 1595 473 1655 quippe
491 1593 624 1640 intrinsecus
646 1599 741 1640 stratum
760 1591 810 1640 sul·

140 1660 191 1708 fure
201 1660 343 1707 etbitumine
355 1659 465 1706 truditur:
484 1672 535 1719 quoe
552 1672 587 1704 res
603 1656 663 1712 facit,
679 1664 712 1712 ut,
729 1658 812 1720 spiritu

142 1739 194 1770 curn
205 1725 258 1785 igne
269 1724 327 1770 inter
344 1724 449 1770 interiora
458 1723 564 1777 luctante,
571 1721 704 1782 frequentur
711 1729 736 1768 et
744 1737 809 1772 com·

141 1787 241 1850 pluribus
258 1786 315 1833 locis
330 1801 390 1833 nuno
409 1786 519 1842 iinmmrn,
535 1801 595 1833 nunc
613 1801 727 1847 vaporem,
746 1802 808 1834 nunc

141 1852 236 1904 sumum,
256 1857 350 1897 eructet
383 1849 440 1897 inde
455 1851 551 1912 deniqne
568 1850 649 1898 AEtnae
664 1852 750 1900 montis
765 1867 809 1913 per

141 1914 345 1965 otmundum
356 1914 491 1962 incendium.
514 1914 548 1962 Et
558 1916 595 1963 ubi
606 1915 677 1962 uerior
685 1931 726 1977 per
737 1916 810 1978 spira·

141 1987 218 2030 mento
228 1993 373 2027 cavernarum
390 1986 473 2026 ventur
483 1980 590 2033 incubuit,
606 1994 724 2027 arenarum
735 1980 809 2027 moles

141 2051 272 2110 egeruntur.
308 2043 442 2090 Proximum
459 2042 532 2091 runae
549 2044 727 2106 promontorium
743 2043 811 2091 Rhe-

142 2113 206 2174 gium
217 2110 297 2157 dicitur
303 2125 312 2166 ;
328 2109 379 2155 ideo
389 2109 441 2170 quin
453 2108 535 2156 Graece
545 2110 645 2168 abrupta
661 2109 706 2155 hoc
716 2109 812 2156 nomine

141 2174 321 2238 pronuntiantur.
346 2171 399 2220 Neo
409 2173 491 2219 mirum
503 2174 521 2219 ni
532 2171 632 2219 sabulosa
642 2181 677 2220 est
687 2173 731 2220 loci
742 2174 811 2235 hujus

142 2239 268 2300 antiquitas,
279 2240 303 2284 in
320 2253 386 2299 quem
403 2252 440 2283 ren
456 2243 491 2283 tot
508 2235 583 2283 coirire
593 2237 665 2283 mirae.
697 2236 810 2294 Primum,

68 2337 73 2346 ,
142 2303 203 2365 quod
220 2317 329 2364 nusquam
346 2302 400 2349 niinn
411 2309 458 2347 tnm
475 2308 563 2348 torrens
578 2300 668 2357 fretum,
679 2317 722 2348 nec
734 2302 810 2349 solum

141 2370 211 2416 citato
221 2367 313 2427 impetu,
324 2380 403 2412 verum
414 2365 481 2411 etiarn
493 2380 570 2423 naevo3
587 2381 660 2427 neque
671 2367 810 2430 experienti·

141 2435 184 2480 bun
200 2430 268 2477 modo
283 2429 387 2485 terribile,
404 2444 484 2477 verum
502 2430 568 2477 etium
584 2430 661 2493 procul
678 2431 814 2478 visentibus.

143 2495 263 2545 Undarum
275 2508 340 2555 porro
352 2494 376 2539 in
383 2509 408 2540 ne
418 2496 598 2541 concurrentium
606 2501 668 2541 tanta
678 2510 757 2557 pugna
767 2503 811 2551 est,

138 2571 170 2614 ut
185 2558 246 2613 niinn,
257 2557 327 2605 veluti
338 2564 402 2620 terga
412 2557 499 2615 dantes,
510 2559 534 2604 in
545 2559 615 2605 imum
626 2560 734 2612 desidere,
746 2560 810 2615 olins,

143 2624 208 2686 quusi
216 2622 326 2675 victrices,
336 2621 360 2668 in
371 2622 464 2669 sublime
470 2621 530 2677 ferri,
540 2623 625 2671 videas:
645 2639 706 2672 nuno
717 2623 753 2670 hic
763 2623 812 2671 fre·

143 2691 225 2739 mitum
234 2686 342 2736 ferventis
353 2686 429 2744 residu,
447 2702 509 2734 nunc
525 2687 571 2735 iilic
585 2688 696 2751 gemitum
707 2689 731 2736 in
743 2703 812 2737 rora·
