1800 2942
139 178 185 224 ua
368 173 568 225 Juounuun
581 140 599 183 ²
680 173 742 224 cn.
754 179 810 223 103.

130 305 219 358 festina,
231 310 305 365 atque,
322 312 348 352 ut
357 307 453 369 coepisti,
472 321 548 368 perge
581 303 658 351 Multa
675 313 744 366 atque
760 321 803 367 op-

132 378 229 432 portuna
247 371 323 426 babes,
342 385 387 430 quo
405 371 492 425 facilius
513 376 586 417 mnata
602 369 682 416 officiis
699 386 800 432 superes.

133 435 253 482 Postremo
272 436 315 481 boc
334 436 357 481 in
379 443 458 496 pectus
476 443 541 481 tuum
560 435 659 487 demitte,
684 450 803 496 nunquam

131 501 238 563 populum
258 499 387 546 Romanum
406 498 520 546 benefieiis
537 499 636 546 victum:
660 514 722 554 nam,
742 499 804 548 bello

132 566 186 627 quid
196 565 276 619 valeat,
288 572 336 610 tute
346 563 413 612 acis.”

165 630 203 675 Ad
220 644 247 675 ea
264 628 370 676 Boecbus
388 630 475 691 placide
485 637 509 677 et
519 631 632 693 benigne3
650 631 718 677 simul
728 645 802 691 pauca

133 711 174 756 pro
192 694 273 740 delicto
290 695 357 740 verba
372 692 439 742 facit:
460 711 485 741 se
504 710 550 743 non
568 695 644 742 hostili
662 696 745 750 animo,
762 695 804 742 sed

133 773 228 820 regnum
240 766 345 813 tutatum,
359 774 422 807 arma
439 761 539 822 cepisse:
559 776 610 808 nam
623 760 740 806 Numidiae
750 766 803 821 per-

132 829 186 878 tem,
199 824 259 870 unde
274 825 296 869 ui
314 822 452 886 Jugurtbam
471 825 596 887 expulerat,
606 827 659 887 jure
674 825 727 871 belli
738 839 803 871 auam

132 888 230 945 laetam
247 903 296 934 eam
308 890 391 935 vastari
401 890 429 936 ab
439 889 516 937 Mario
527 891 572 952 pati
583 891 726 951 nequivisse:
742 904 804 951 prae·

132 961 200 1009 terea,
212 953 286 999 missis
296 961 362 1000 antea
372 953 471 1001 Romam
482 956 570 1018 legatis,
582 955 694 1017 repulsum
706 955 734 1000 ab
745 954 803 1001 ami·

133 1016 192 1064 citit
226 1015 342 1065 Caeterum
365 1027 442 1065 vetera
464 1021 574 1074 omittere,
597 1035 623 1066 ac
645 1027 701 1072 tum,
721 1020 740 1065 si
762 1034 804 1080 per

133 1082 233 1129 Marium
244 1082 328 1137 liceret,
341 1084 429 1145 legatos
439 1085 468 1131 ad
476 1092 578 1132 senatum
585 1086 713 1132 missurum.
730 1082 802 1136 Dein,

133 1145 198 1208 eopid
212 1145 278 1202 sacti,
297 1144 385 1195 animus
401 1150 488 1197 barbari
505 1153 533 1196 ab
550 1150 626 1197 amieis
648 1148 728 1200 llexus,
745 1163 804 1208 quos
826 1147 828 1157 ⁴

133 1211 256 1273 iugurtha,
263 1212 355 1274 cogniti
360 1213 474 1276 legatione
483 1215 553 1262 Sullae
564 1222 589 1261 et
597 1213 685 1267 Manlii,
697 1219 803 1259 meluens

133 1279 156 1323 id
167 1278 227 1338 quod
237 1279 360 1339 parabatur,
373 1280 438 1327 donia
448 1287 584 1341 corruperat.

167 1340 238 1390 ClIl.
253 1342 343 1391 Marius
358 1345 448 1400 interea,
467 1345 606 1392 exercituin
625 1344 722 1390 bibernis
739 1358 802 1390 oom-

133 1409 214 1469 posito,
232 1424 284 1455 eum
304 1410 413 1471 expeditis
427 1410 556 1456 cohortibus
573 1419 596 1457 et
610 1417 673 1471 perte
690 1409 804 1469 equitatus

133 1472 282 1534 proficiscitur
300 1475 323 1520 in
341 1475 391 1520 loca
408 1474 462 1528 sola,
481 1476 596 1521 obsessum
611 1474 689 1520 turrim
709 1474 803 1535 regiam,

133 1555 178 1598 quo
189 1537 304 1599 Jugurtha
314 1539 419 1600 perfugas
430 1541 504 1585 omnia
515 1541 642 1601 praesidium
658 1539 803 1600 imposuerat

134 1601 195 1649 Tum
207 1619 284 1649 rursus
295 1602 409 1661 Bocchus,
421 1620 460 1651 seu
471 1605 594 1665 reputando
605 1619 657 1664 quae
668 1604 708 1650 sibi
717 1603 805 1649 duobus

134 1669 220 1729 proeliis
239 1676 353 1722 venerant,
371 1684 410 1715 seu
421 1670 549 1717 admonitus
560 1671 587 1716 ab
598 1668 681 1723 amieis,
698 1683 756 1728 quos
767 1669 803 1714 in·

135 1740 253 1793 corruptos
268 1731 383 1793 Jugurtba
398 1735 523 1794 reliquerat,
536 1750 565 1781 ex
576 1735 638 1781 omni
649 1730 713 1795 copiti
724 1747 804 1779 neces·

135 1797 244 1844 sariorum
263 1798 361 1858 quinque
378 1799 469 1861 delegit,
488 1815 582 1860 quorum
594 1806 617 1847 et
633 1797 688 1844 fides
704 1798 805 1859 cognita,

135 1870 159 1908 et
176 1861 268 1923 ingenia
285 1862 429 1910 validissuma
447 1873 524 1911 erant:
544 1880 583 1911 eos
601 1864 628 1910 ad
646 1862 756 1916 Marium,
778 1877 806 1909 ao

136 1927 195 1981 dein,
212 1927 231 1973 si
242 1927 335 1987 placeat,
346 1926 445 1974 Romam
464 1930 553 1992 legatos
563 1931 597 1975 ire*
602 1929 683 1991 jubet:
704 1927 805 1988 agenda-

135 2006 278 2051 rumrerum,
297 2001 320 2038 et
335 2007 477 2053 quocumque
496 1995 563 2041 modo
580 1993 632 2040 belli
647 1991 806 2053 componendi,
836 2048 840 2051 .

134 2057 248 2104 licentiam
262 2058 378 2119 permittit
411 2056 448 2104 Illi
467 2067 554 2106 mature
570 2059 599 2106 ad
614 2059 706 2104 hiberna
717 2056 807 2103 Roma·

135 2137 216 2168 norum
233 2122 418 2185 proficiscuntur:
438 2124 520 2170 deinde
537 2125 617 2171 itinere
632 2139 646 2170 a
662 2122 762 2171 Gaetulis
772 2121 811 2176 las

135 2189 237 2233 tronibus
255 2189 401 2235 circumventi
412 2190 551 2251 spoliatique,
563 2189 646 2250 pavidi,
661 2189 710 2235 aine
724 2187 808 2234 decore

136 2252 164 2298 ad
176 2252 261 2305 Sullam
271 2252 417 2315 perfugiunt3
435 2269 502 2315 quem
511 2254 596 2308 consul,
608 2254 631 2300 in
640 2252 809 2314 expeditionem

135 2315 285 2378 proficiscens,
302 2333 342 2379 pro
361 2326 458 2381 praetore
477 2319 603 2378 reliquerat.
636 2317 685 2365 an
702 2317 740 2363 ille
759 2331 809 2363 non

135 2396 177 2443 pro
188 2382 252 2427 vanis
263 2383 370 2438 hostibus,
388 2392 414 2431 ut
430 2384 505 2430 meriti
522 2392 592 2438 erant,
611 2384 650 2430 sed
666 2388 771 2429 accurate
782 2396 810 2429 ae
850 2375 853 2394 ¹

135 2447 256 2493 liberaliter
273 2448 363 2495 babuit:
383 2447 426 2509 quai
438 2465 462 2496 re
472 2449 558 2495 barbari
576 2456 599 2495 et
616 2448 700 2495 famam
718 2446 808 2494 Romu

137 2526 218 2558 norum
235 2512 336 2559 avaritiae
349 2512 435 2565 falsam,
446 2520 470 2563 et
481 2513 574 2567 Sullam,
583 2515 621 2561 „ab
631 2511 810 2559 munificentiam

137 2576 160 2621 in
172 2590 228 2629 sese,
241 2577 336 2623 amicum
349 2580 406 2625 rati:
425 2593 478 2625 nam
489 2579 557 2625 etiam
568 2586 617 2625 tum
629 2578 719 2640 laignio
729 2576 810 2623 multis

137 2641 229 2701 ignara:
249 2641 370 2689 munificus
387 2657 456 2689 nemo
470 2644 597 2705 putabatur,
614 2643 656 2693 nisi
672 2643 756 2704 pariter
767 2656 810 2687 vo-

136 2704 201 2753 lens:
221 2706 280 2755 dotia
291 2708 366 2755 omnib
375 2708 400 2753 iu
408 2707 547 2770 benignitate
558 2709 702 2758 habebuntur.
736 2704 814 2770 Igitur
