<?xml version="1.0" encoding="UTF-8"?>
<!DOCTYPE html PUBLIC "-//W3C//DTD XHTML 1.0 Transitional//EN"
    "http://www.w3.org/TR/xhtml1/DTD/xhtml1-transitional.dtd">
<html xmlns="http://www.w3.org/1999/xhtml" xml:lang="en" lang="en">
 <head>
  <title>
</title>
<meta http-equiv="Content-Type" content="text/html;charset=utf-8" />
  <meta name='ocr-system' content='tesseract 3.04.00' />
  <meta name='ocr-capabilities' content='ocr_page ocr_carea ocr_par ocr_line ocrx_word'/>
</head>
<body>
  <div class='ocr_page' id='page_1' title='image "./quaeintegrasupe00grongoog_0300.png"; bbox 0 0 1800 2942; ppageno 0'>
   <div class='ocr_carea' id='block_1_1' title="bbox 43 183 652 263">
    <p class='ocr_par' dir='ltr' id='par_1_1' title="bbox 43 183 652 263">
     <span class='ocr_line' id='line_1_1' title="bbox 43 183 652 263; baseline -0.008 -26"><span class='ocrx_word' id='word_1_1' title='bbox 43 185 46 190; x_wconf 73' lang='grc'>’</span> <span class='ocrx_word' id='word_1_2' title='bbox 86 259 88 263; x_wconf 13' lang='lat'><strong>¹</strong></span> <span class='ocrx_word' id='word_1_3' title='bbox 136 190 184 236; x_wconf 74' lang='lat' dir='ltr'>ess</span> <span class='ocrx_word' id='word_1_4' title='bbox 288 183 652 237; x_wconf 54' lang='lat' dir='ltr'>murmuremus.</span> 
     </span>
    </p>
   </div>
   <div class='ocr_carea' id='block_1_2' title="bbox 133 314 860 2329">
    <p class='ocr_par' dir='ltr' id='par_1_2' title="bbox 134 314 860 1222">
     <span class='ocr_line' id='line_1_2' title="bbox 136 314 809 379; baseline -0.001 -14"><span class='ocrx_word' id='word_1_5' title='bbox 136 331 218 366; x_wconf 81' lang='lat' dir='ltr'>xerxes</span> <span class='ocrx_word' id='word_1_6' title='bbox 234 317 258 364; x_wconf 84' lang='lat' dir='ltr'>iu</span> <span class='ocrx_word' id='word_1_7' title='bbox 277 318 444 365; x_wconf 75' lang='lat' dir='ltr'>mettimonium</span> <span class='ocrx_word' id='word_1_8' title='bbox 464 323 585 379; x_wconf 74' lang='lat' dir='ltr'><strong>receperat.</strong></span> <span class='ocrx_word' id='word_1_9' title='bbox 628 314 698 364; x_wconf 78' lang='lat' dir='ltr'>Hane</span> <span class='ocrx_word' id='word_1_10' title='bbox 718 322 809 379; x_wconf 81' lang='lat' dir='ltr'>petrem</span> 
     </span>
     <span class='ocr_line' id='line_1_3' title="bbox 137 381 809 444; baseline -0.003 -14"><span class='ocrx_word' id='word_1_11' title='bbox 137 383 216 430; x_wconf 84' lang='lat' dir='ltr'>cedere</span> <span class='ocrx_word' id='word_1_12' title='bbox 227 382 275 438; x_wconf 85' lang='lat' dir='ltr'>sibi,</span> <span class='ocrx_word' id='word_1_13' title='bbox 287 383 352 429; x_wconf 85' lang='lat' dir='ltr'>sicuti</span> <span class='ocrx_word' id='word_1_14' title='bbox 363 383 469 444; x_wconf 76' lang='lat' dir='ltr'>reguum,</span> <span class='ocrx_word' id='word_1_15' title='bbox 481 381 567 429; x_wconf 81' lang='lat' dir='ltr'>Darius</span> <span class='ocrx_word' id='word_1_16' title='bbox 576 382 745 444; x_wconf 67' lang='lat' dir='ltr'>postulaverat:</span> <span class='ocrx_word' id='word_1_17' title='bbox 760 382 809 443; x_wconf 84' lang='lat' dir='ltr'>qui,</span> 
     </span>
     <span class='ocr_line' id='line_1_4' title="bbox 136 444 809 511; baseline 0 -17"><span class='ocrx_word' id='word_1_18' title='bbox 136 463 178 511; x_wconf 92' lang='lat' dir='ltr'>pro</span> <span class='ocrx_word' id='word_1_19' title='bbox 197 446 337 509; x_wconf 71' lang='lat' dir='ltr'>indulgentis</span> <span class='ocrx_word' id='word_1_20' title='bbox 356 444 397 493; x_wconf 76' lang='lat' dir='ltr'>sui</span> <span class='ocrx_word' id='word_1_21' title='bbox 412 449 436 493; x_wconf 90' lang='lat' dir='ltr'>in</span> <span class='ocrx_word' id='word_1_22' title='bbox 454 448 542 501; x_wconf 87' lang='lat' dir='ltr'>liberos,</span> <span class='ocrx_word' id='word_1_23' title='bbox 559 448 633 509; x_wconf 89' lang='lat' dir='ltr'>primo</span> <span class='ocrx_word' id='word_1_24' title='bbox 650 446 765 493; x_wconf 74' lang='lat' dir='ltr'>facturum</span> <span class='ocrx_word' id='word_1_25' title='bbox 783 462 809 494; x_wconf 87' lang='lat' dir='ltr'>se</span> 
     </span>
     <span class='ocr_line' id='line_1_5' title="bbox 137 510 808 575; baseline -0.004 -15"><span class='ocrx_word' id='word_1_26' title='bbox 137 512 237 560; x_wconf 83' lang='lat' dir='ltr'>dixerat:</span> <span class='ocrx_word' id='word_1_27' title='bbox 257 526 312 560; x_wconf 87' lang='lat' dir='ltr'>mox</span> <span class='ocrx_word' id='word_1_28' title='bbox 322 510 455 575; x_wconf 69' lang='lat' dir='ltr'>persentit</span> <span class='ocrx_word' id='word_1_29' title='bbox 463 513 554 570; x_wconf 73' lang='lat' dir='ltr'>ductu,</span> <span class='ocrx_word' id='word_1_30' title='bbox 565 520 591 559; x_wconf 89' lang='lat' dir='ltr'>ut</span> <span class='ocrx_word' id='word_1_31' title='bbox 598 513 692 559; x_wconf 75' lang='lat' dir='ltr'><strong>honeste</strong></span> <span class='ocrx_word' id='word_1_32' title='bbox 703 521 808 574; x_wconf 79' lang='lat' dir='ltr'>negaret,</span> 
     </span>
     <span class='ocr_line' id='line_1_6' title="bbox 136 577 808 639; baseline -0.001 -15"><span class='ocrx_word' id='word_1_33' title='bbox 136 578 198 638; x_wconf 87' lang='lat' dir='ltr'>quod</span> <span class='ocrx_word' id='word_1_34' title='bbox 208 585 293 624; x_wconf 87' lang='lat' dir='ltr'>temere</span> <span class='ocrx_word' id='word_1_35' title='bbox 302 578 443 639; x_wconf 79' lang='lat' dir='ltr'><strong>promiserat,</strong></span> <span class='ocrx_word' id='word_1_36' title='bbox 463 577 522 624; x_wconf 83' lang='lat' dir='ltr'>Solis</span> <span class='ocrx_word' id='word_1_37' title='bbox 538 592 588 624; x_wconf 79' lang='lat' dir='ltr'>eam</span> <span class='ocrx_word' id='word_1_38' title='bbox 604 577 730 624; x_wconf 79' lang='lat' dir='ltr'>sacerdotio</span> <span class='ocrx_word' id='word_1_39' title='bbox 745 592 808 638; x_wconf 73' lang='lat' dir='ltr'>prm-</span> 
     </span>
     <span class='ocr_line' id='line_1_7' title="bbox 136 642 809 704; baseline -0.003 -15"><span class='ocrx_word' id='word_1_40' title='bbox 136 642 197 696; x_wconf 71' lang='lat' dir='ltr'>fecit</span> <span class='ocrx_word' id='word_1_41' title='bbox 210 657 256 703; x_wconf 89' lang='lat' dir='ltr'>quo</span> <span class='ocrx_word' id='word_1_42' title='bbox 267 649 375 703; x_wconf 87' lang='lat' dir='ltr'>perpetus</span> <span class='ocrx_word' id='word_1_43' title='bbox 384 643 417 689; x_wconf 87' lang='lat' dir='ltr'>illi</span> <span class='ocrx_word' id='word_1_44' title='bbox 428 644 456 689; x_wconf 87' lang='lat' dir='ltr'>sb</span> <span class='ocrx_word' id='word_1_45' title='bbox 467 643 571 689; x_wconf 86' lang='lat' dir='ltr'>omnibus</span> <span class='ocrx_word' id='word_1_46' title='bbox 582 643 637 689; x_wconf 85' lang='lat' dir='ltr'>viris</span> <span class='ocrx_word' id='word_1_47' title='bbox 646 642 754 704; x_wconf 75' lang='lat' dir='ltr'>pudicitia</span> <span class='ocrx_word' id='word_1_48' title='bbox 764 642 809 687; x_wconf 88' lang='lat' dir='ltr'>im-</span> 
     </span>
     <span class='ocr_line' id='line_1_8' title="bbox 136 706 809 771; baseline -0.001 -17"><span class='ocrx_word' id='word_1_49' title='bbox 136 708 260 771; x_wconf 69' lang='lat' dir='ltr'>perabatur.</span> <span class='ocrx_word' id='word_1_50' title='bbox 284 706 349 754; x_wconf 82' lang='lat' dir='ltr'>Hine</span> <span class='ocrx_word' id='word_1_51' title='bbox 357 708 505 755; x_wconf 67' lang='lat' dir='ltr'>exacerbatus</span> <span class='ocrx_word' id='word_1_52' title='bbox 509 708 610 771; x_wconf 83' lang='lat' dir='ltr'>juvenis,</span> <span class='ocrx_word' id='word_1_53' title='bbox 619 707 643 753; x_wconf 87' lang='lat' dir='ltr'>in</span> <span class='ocrx_word' id='word_1_54' title='bbox 648 707 727 770; x_wconf 72' lang='lat' dir='ltr'>jurgio</span> <span class='ocrx_word' id='word_1_55' title='bbox 734 707 809 769; x_wconf 85' lang='lat' dir='ltr'>primo</span> 
     </span>
     <span class='ocr_line' id='line_1_9' title="bbox 136 770 806 835; baseline 0 -17"><span class='ocrx_word' id='word_1_56' title='bbox 136 773 206 835; x_wconf 80' lang='lat' dir='ltr'>putris</span> <span class='ocrx_word' id='word_1_57' title='bbox 217 772 301 833; x_wconf 84' lang='lat' dir='ltr'>erupit:</span> <span class='ocrx_word' id='word_1_58' title='bbox 321 788 382 827; x_wconf 81' lang='lat' dir='ltr'>mox,</span> <span class='ocrx_word' id='word_1_59' title='bbox 394 770 454 819; x_wconf 69' lang='lat' dir='ltr'>facti</span> <span class='ocrx_word' id='word_1_60' title='bbox 464 789 516 820; x_wconf 81' lang='lat' dir='ltr'>eum</span> <span class='ocrx_word' id='word_1_61' title='bbox 526 772 631 820; x_wconf 80' lang='lat' dir='ltr'>frutribus</span> <span class='ocrx_word' id='word_1_62' title='bbox 642 772 806 833; x_wconf 75' lang='lat' dir='ltr'>conjuratione,</span> 
     </span>
     <span class='ocr_line' id='line_1_10' title="bbox 138 837 808 901; baseline 0.001 -19"><span class='ocrx_word' id='word_1_63' title='bbox 138 837 191 883; x_wconf 85' lang='lat' dir='ltr'>dum</span> <span class='ocrx_word' id='word_1_64' title='bbox 210 838 268 899; x_wconf 85' lang='lat' dir='ltr'>patri</span> <span class='ocrx_word' id='word_1_65' title='bbox 287 838 379 885; x_wconf 83' lang='lat' dir='ltr'>insidias</span> <span class='ocrx_word' id='word_1_66' title='bbox 395 845 467 899; x_wconf 74' lang='lat' dir='ltr'>perot,</span> <span class='ocrx_word' id='word_1_67' title='bbox 487 839 639 901; x_wconf 78' lang='lat' dir='ltr'>deprehensus</span> <span class='ocrx_word' id='word_1_68' title='bbox 661 851 713 883; x_wconf 89' lang='lat' dir='ltr'>cum</span> <span class='ocrx_word' id='word_1_69' title='bbox 732 838 808 890; x_wconf 86' lang='lat' dir='ltr'>sociis,</span> 
     </span>
     <span class='ocr_line' id='line_1_11' title="bbox 137 901 811 966; baseline 0.001 -18"><span class='ocrx_word' id='word_1_70' title='bbox 137 916 217 964; x_wconf 85' lang='lat' dir='ltr'>poeuss</span> <span class='ocrx_word' id='word_1_71' title='bbox 225 902 334 962; x_wconf 78' lang='lat' dir='ltr'>parricidii</span> <span class='ocrx_word' id='word_1_72' title='bbox 346 901 399 949; x_wconf 90' lang='lat' dir='ltr'>Diis</span> <span class='ocrx_word' id='word_1_73' title='bbox 405 909 505 964; x_wconf 85' lang='lat' dir='ltr'>pstemae</span> <span class='ocrx_word' id='word_1_74' title='bbox 516 904 638 966; x_wconf 78' lang='lat' dir='ltr'>majestatis</span> <span class='ocrx_word' id='word_1_75' title='bbox 649 902 759 949; x_wconf 86' lang='lat' dir='ltr'>ultoribus</span> <span class='ocrx_word' id='word_1_76' title='bbox 770 902 811 949; x_wconf 84' lang='lat' dir='ltr'>de-</span> 
     </span>
     <span class='ocr_line' id='line_1_12' title="bbox 138 964 860 1029; baseline 0 -16"><span class='ocrx_word' id='word_1_77' title='bbox 138 966 178 1013; x_wconf 88' lang='lat' dir='ltr'>dit.</span> <span class='ocrx_word' id='word_1_78' title='bbox 211 964 329 1029; x_wconf 79' lang='lat' dir='ltr'>conjuges</span> <span class='ocrx_word' id='word_1_79' title='bbox 339 982 428 1029; x_wconf 88' lang='lat' dir='ltr'>quoque</span> <span class='ocrx_word' id='word_1_80' title='bbox 439 968 540 1015; x_wconf 86' lang='lat' dir='ltr'>omnium</span> <span class='ocrx_word' id='word_1_81' title='bbox 551 984 604 1015; x_wconf 87' lang='lat' dir='ltr'>eum</span> <span class='ocrx_word' id='word_1_82' title='bbox 614 968 695 1022; x_wconf 84' lang='lat' dir='ltr'>liberis,</span> <span class='ocrx_word' id='word_1_83' title='bbox 707 982 738 1013; x_wconf 91' lang='lat' dir='ltr'>ne</span> <span class='ocrx_word' id='word_1_84' title='bbox 748 966 811 1027; x_wconf 85' lang='lat' dir='ltr'>quod</span> <span class='ocrx_word' id='word_1_85' title='bbox 855 1013 860 1023; x_wconf 63' lang='lat'><em>,</em></span> 
     </span>
     <span class='ocr_line' id='line_1_13' title="bbox 137 1030 812 1092; baseline 0.001 -14"><span class='ocrx_word' id='word_1_86' title='bbox 137 1030 259 1092; x_wconf 84' lang='lat' dir='ltr'>vestigium</span> <span class='ocrx_word' id='word_1_87' title='bbox 280 1032 336 1078; x_wconf 79' lang='lat' dir='ltr'>tanti</span> <span class='ocrx_word' id='word_1_88' title='bbox 356 1033 447 1079; x_wconf 88' lang='lat' dir='ltr'>sceleris</span> <span class='ocrx_word' id='word_1_89' title='bbox 463 1040 570 1087; x_wconf 72' lang='lat' dir='ltr'>exstaret,</span> <span class='ocrx_word' id='word_1_90' title='bbox 586 1032 720 1079; x_wconf 74' lang='lat' dir='ltr'>interfecte.</span> <span class='ocrx_word' id='word_1_91' title='bbox 752 1030 812 1079; x_wconf 82' lang='lat' dir='ltr'>Post</span> 
     </span>
     <span class='ocr_line' id='line_1_14' title="bbox 137 1096 810 1152; baseline 0 -9"><span class='ocrx_word' id='word_1_92' title='bbox 137 1096 187 1143; x_wconf 89' lang='lat' dir='ltr'>hsec</span> <span class='ocrx_word' id='word_1_93' title='bbox 199 1096 337 1143; x_wconf 73' lang='lat' dir='ltr'>Artaxerxes</span> <span class='ocrx_word' id='word_1_94' title='bbox 348 1096 426 1143; x_wconf 88' lang='lat' dir='ltr'>morbo</span> <span class='ocrx_word' id='word_1_95' title='bbox 438 1112 468 1143; x_wconf 85' lang='lat' dir='ltr'>ex</span> <span class='ocrx_word' id='word_1_96' title='bbox 483 1098 561 1144; x_wconf 86' lang='lat' dir='ltr'>dolore</span> <span class='ocrx_word' id='word_1_97' title='bbox 580 1104 696 1145; x_wconf 79' lang='lat' dir='ltr'>contrecto</span> <span class='ocrx_word' id='word_1_98' title='bbox 713 1097 810 1152; x_wconf 86' lang='lat' dir='ltr'>deoedit,</span> 
     </span>
     <span class='ocr_line' id='line_1_15' title="bbox 134 1161 569 1222; baseline 0.005 -15"><span class='ocrx_word' id='word_1_99' title='bbox 134 1175 179 1207; x_wconf 81' lang='lat' dir='ltr'>rex</span> <span class='ocrx_word' id='word_1_100' title='bbox 187 1175 253 1222; x_wconf 84' lang='lat' dir='ltr'>quum</span> <span class='ocrx_word' id='word_1_101' title='bbox 264 1168 328 1222; x_wconf 85' lang='lat' dir='ltr'>peter</span> <span class='ocrx_word' id='word_1_102' title='bbox 337 1161 431 1209; x_wconf 77' lang='lat' dir='ltr'>felicior.</span> <span class='ocrx_word' id='word_1_103' title='bbox 567 1189 569 1192; x_wconf 95' lang='lat'>·</span> 
     </span>
    </p>

    <p class='ocr_par' dir='ltr' id='par_1_3' title="bbox 133 1224 815 2329">
     <span class='ocr_line' id='line_1_16' title="bbox 171 1224 811 1289; baseline -0.003 -15"><span class='ocrx_word' id='word_1_104' title='bbox 171 1224 220 1274; x_wconf 83' lang='lat'>111.</span> <span class='ocrx_word' id='word_1_105' title='bbox 236 1224 366 1274; x_wconf 82' lang='lat' dir='ltr'>Hsereditss</span> <span class='ocrx_word' id='word_1_106' title='bbox 385 1227 450 1289; x_wconf 84' lang='lat' dir='ltr'>regni</span> <span class='ocrx_word' id='word_1_107' title='bbox 467 1226 533 1274; x_wconf 82' lang='lat' dir='ltr'>Ocho</span> <span class='ocrx_word' id='word_1_108' title='bbox 554 1227 642 1281; x_wconf 75' lang='lat' dir='ltr'>tradito,</span> <span class='ocrx_word' id='word_1_109' title='bbox 658 1227 703 1287; x_wconf 83' lang='lat' dir='ltr'>qui.</span> <span class='ocrx_word' id='word_1_110' title='bbox 726 1226 811 1273; x_wconf 81' lang='lat' dir='ltr'>timens</span> 
     </span>
     <span class='ocr_line' id='line_1_17' title="bbox 138 1292 812 1355; baseline 0.001 -17"><span class='ocrx_word' id='word_1_111' title='bbox 138 1305 214 1353; x_wconf 70' lang='lat' dir='ltr'>parem</span> <span class='ocrx_word' id='word_1_112' title='bbox 232 1293 417 1355; x_wconf 72' lang='lat' dir='ltr'>conjurationem,</span> <span class='ocrx_word' id='word_1_113' title='bbox 438 1293 525 1353; x_wconf 73' lang='lat' dir='ltr'>regiam</span> <span class='ocrx_word' id='word_1_114' title='bbox 541 1298 689 1354; x_wconf 81' lang='lat' dir='ltr'>cognotorum</span> <span class='ocrx_word' id='word_1_115' title='bbox 707 1292 771 1338; x_wconf 80' lang='lat' dir='ltr'>osede</span> <span class='ocrx_word' id='word_1_116' title='bbox 787 1299 812 1339; x_wconf 88' lang='lat' dir='ltr'>et</span> 
     </span>
     <span class='ocr_line' id='line_1_18' title="bbox 134 1355 811 1420; baseline 0 -17"><span class='ocrx_word' id='word_1_117' title='bbox 134 1363 216 1420; x_wconf 71' lang='lat' dir='ltr'>strage</span> <span class='ocrx_word' id='word_1_118' title='bbox 233 1358 360 1419; x_wconf 85' lang='lat' dir='ltr'>principum</span> <span class='ocrx_word' id='word_1_119' title='bbox 375 1357 452 1419; x_wconf 73' lang='lat' dir='ltr'>reptet,</span> <span class='ocrx_word' id='word_1_120' title='bbox 473 1355 544 1413; x_wconf 68' lang='lat' dir='ltr'>nulli,</span> <span class='ocrx_word' id='word_1_121' title='bbox 564 1371 609 1402; x_wconf 89' lang='lat' dir='ltr'>non</span> <span class='ocrx_word' id='word_1_122' title='bbox 626 1356 752 1418; x_wconf 79' lang='lat' dir='ltr'>sauguinis,</span> <span class='ocrx_word' id='word_1_123' title='bbox 764 1372 811 1403; x_wconf 85' lang='lat' dir='ltr'>oon</span> 
     </span>
     <span class='ocr_line' id='line_1_19' title="bbox 133 1419 812 1484; baseline 0 -15"><span class='ocrx_word' id='word_1_124' title='bbox 133 1422 215 1476; x_wconf 70' lang='lat' dir='ltr'>&#39;sextis</span> <span class='ocrx_word' id='word_1_125' title='bbox 230 1437 276 1469; x_wconf 85' lang='lat' dir='ltr'>non</span> <span class='ocrx_word' id='word_1_126' title='bbox 288 1423 361 1469; x_wconf 81' lang='lat' dir='ltr'>aetstir</span> <span class='ocrx_word' id='word_1_127' title='bbox 372 1420 525 1468; x_wconf 76' lang='lat' dir='ltr'>misericordiis</span> <span class='ocrx_word' id='word_1_128' title='bbox 534 1428 666 1484; x_wconf 84' lang='lat' dir='ltr'>permotus;</span> <span class='ocrx_word' id='word_1_129' title='bbox 683 1419 770 1468; x_wconf 68' lang='lat' dir='ltr'>scilieet</span> <span class='ocrx_word' id='word_1_130' title='bbox 781 1436 812 1469; x_wconf 84' lang='lat' dir='ltr'>ne</span> 
     </span>
     <span class='ocr_line' id='line_1_20' title="bbox 135 1483 813 1548; baseline -0.003 -13"><span class='ocrx_word' id='word_1_131' title='bbox 135 1486 280 1535; x_wconf 80' lang='lat' dir='ltr'>innocentior</span> <span class='ocrx_word' id='word_1_132' title='bbox 290 1487 395 1534; x_wconf 79' lang='lat' dir='ltr'>frutribus</span> <span class='ocrx_word' id='word_1_133' title='bbox 405 1483 521 1548; x_wconf 80' lang='lat' dir='ltr'>parricidis</span> <span class='ocrx_word' id='word_1_134' title='bbox 532 1488 656 1533; x_wconf 78' lang='lat' dir='ltr'>haberetur.</span> <span class='ocrx_word' id='word_1_135' title='bbox 691 1486 769 1547; x_wconf 79' lang='lat' dir='ltr'>Atque</span> <span class='ocrx_word' id='word_1_136' title='bbox 779 1487 813 1533; x_wconf 86' lang='lat' dir='ltr'>its</span> 
     </span>
     <span class='ocr_line' id='line_1_21' title="bbox 139 1549 812 1614; baseline -0.003 -16"><span class='ocrx_word' id='word_1_137' title='bbox 139 1552 210 1599; x_wconf 84' lang='lat' dir='ltr'>veluti</span> <span class='ocrx_word' id='word_1_138' title='bbox 221 1551 337 1613; x_wconf 79' lang='lat' dir='ltr'>purificato</span> <span class='ocrx_word' id='word_1_139' title='bbox 349 1567 427 1614; x_wconf 83' lang='lat' dir='ltr'>regno,</span> <span class='ocrx_word' id='word_1_140' title='bbox 447 1551 530 1598; x_wconf 86' lang='lat' dir='ltr'>bellum</span> <span class='ocrx_word' id='word_1_141' title='bbox 549 1549 653 1599; x_wconf 71' lang='lat' dir='ltr'>Cadusiis</span> <span class='ocrx_word' id='word_1_142' title='bbox 672 1551 748 1599; x_wconf 79' lang='lat' dir='ltr'>infert.</span> <span class='ocrx_word' id='word_1_143' title='bbox 781 1549 812 1597; x_wconf 84' lang='lat' dir='ltr'>Iu</span> 
     </span>
     <span class='ocr_line' id='line_1_22' title="bbox 140 1614 812 1679; baseline -0.003 -15"><span class='ocrx_word' id='word_1_144' title='bbox 140 1632 168 1664; x_wconf 86' lang='lat' dir='ltr'>eo</span> <span class='ocrx_word' id='word_1_145' title='bbox 179 1633 230 1664; x_wconf 90' lang='lat' dir='ltr'>oum</span> <span class='ocrx_word' id='word_1_146' title='bbox 243 1618 350 1664; x_wconf 77' lang='lat' dir='ltr'>adversus</span> <span class='ocrx_word' id='word_1_147' title='bbox 360 1624 532 1679; x_wconf 72' lang='lat' dir='ltr'>provocatorem</span> <span class='ocrx_word' id='word_1_148' title='bbox 545 1614 666 1679; x_wconf 87' lang='lat' dir='ltr'>[hostium]</span> <span class='ocrx_word' id='word_1_149' title='bbox 678 1614 812 1665; x_wconf 77' lang='lat' dir='ltr'>Codornsrs·</span> 
     </span>
     <span class='ocr_line' id='line_1_23' title="bbox 139 1681 812 1744; baseline 0.003 -17"><span class='ocrx_word' id='word_1_150' title='bbox 139 1696 183 1728; x_wconf 87' lang='lat' dir='ltr'>nus</span> <span class='ocrx_word' id='word_1_151' title='bbox 194 1682 284 1742; x_wconf 76' lang='lat' dir='ltr'>quidem</span> <span class='ocrx_word' id='word_1_152' title='bbox 295 1684 395 1729; x_wconf 88' lang='lat' dir='ltr'>omnium</span> <span class='ocrx_word' id='word_1_153' title='bbox 406 1681 485 1730; x_wconf 69' lang='lat' dir='ltr'>favore</span> <span class='ocrx_word' id='word_1_154' title='bbox 495 1682 647 1744; x_wconf 77' lang='lat' dir='ltr'>processisset.</span> <span class='ocrx_word' id='word_1_155' title='bbox 665 1682 731 1728; x_wconf 85' lang='lat' dir='ltr'>hoste</span> <span class='ocrx_word' id='word_1_156' title='bbox 742 1696 812 1735; x_wconf 73' lang='lat' dir='ltr'>meso,</span> 
     </span>
     <span class='ocr_line' id='line_1_24' title="bbox 139 1745 812 1809; baseline 0 -17"><span class='ocrx_word' id='word_1_157' title='bbox 139 1746 256 1793; x_wconf 81' lang='lat' dir='ltr'>victorium</span> <span class='ocrx_word' id='word_1_158' title='bbox 269 1747 316 1793; x_wconf 85' lang='lat' dir='ltr'>suis</span> <span class='ocrx_word' id='word_1_159' title='bbox 329 1748 418 1809; x_wconf 77' lang='lat' dir='ltr'>puriter,</span> <span class='ocrx_word' id='word_1_160' title='bbox 435 1754 459 1794; x_wconf 87' lang='lat' dir='ltr'>et</span> <span class='ocrx_word' id='word_1_161' title='bbox 469 1762 539 1809; x_wconf 85' lang='lat' dir='ltr'>prope</span> <span class='ocrx_word' id='word_1_162' title='bbox 550 1746 654 1793; x_wconf 75' lang='lat' dir='ltr'>emissum</span> <span class='ocrx_word' id='word_1_163' title='bbox 665 1745 762 1808; x_wconf 69' lang='lat' dir='ltr'>glorium</span> <span class='ocrx_word' id='word_1_164' title='bbox 773 1761 812 1792; x_wconf 87' lang='lat' dir='ltr'>re·</span> 
     </span>
     <span class='ocr_line' id='line_1_25' title="bbox 140 1810 814 1873; baseline 0 -16"><span class='ocrx_word' id='word_1_165' title='bbox 140 1810 220 1858; x_wconf 86' lang='lat' dir='ltr'>stituit.</span> <span class='ocrx_word' id='word_1_166' title='bbox 250 1811 288 1862; x_wconf 88' lang='lat' dir='ltr'>Ob</span> <span class='ocrx_word' id='word_1_167' title='bbox 296 1813 346 1857; x_wconf 80' lang='lat' dir='ltr'>hoec</span> <span class='ocrx_word' id='word_1_168' title='bbox 354 1813 435 1859; x_wconf 84' lang='lat' dir='ltr'>decors</span> <span class='ocrx_word' id='word_1_169' title='bbox 445 1812 505 1859; x_wconf 90' lang='lat' dir='ltr'>idem</span> <span class='ocrx_word' id='word_1_170' title='bbox 517 1810 679 1861; x_wconf 83' lang='lat' dir='ltr'>Codomsnnus</span> <span class='ocrx_word' id='word_1_171' title='bbox 690 1810 814 1873; x_wconf 76' lang='lat' dir='ltr'>praefioitur</span> 
     </span>
     <span class='ocr_line' id='line_1_26' title="bbox 140 1874 813 1938; baseline -0.003 -14"><span class='ocrx_word' id='word_1_172' title='bbox 140 1876 264 1924; x_wconf 89' lang='lat' dir='ltr'>Armeniis.</span> <span class='ocrx_word' id='word_1_173' title='bbox 297 1874 419 1938; x_wconf 83' lang='lat' dir='ltr'>interjecto</span> <span class='ocrx_word' id='word_1_174' title='bbox 430 1876 511 1924; x_wconf 83' lang='lat' dir='ltr'>deinde</span> <span class='ocrx_word' id='word_1_175' title='bbox 527 1884 635 1937; x_wconf 83' lang='lat' dir='ltr'>tempore,</span> <span class='ocrx_word' id='word_1_176' title='bbox 652 1883 813 1938; x_wconf 76' lang='lat' dir='ltr'>postmortem</span> 
     </span>
     <span class='ocr_line' id='line_1_27' title="bbox 140 1941 813 2004; baseline 0 -15"><span class='ocrx_word' id='word_1_177' title='bbox 140 1941 200 1989; x_wconf 88' lang='lat' dir='ltr'>Ochi</span> <span class='ocrx_word' id='word_1_178' title='bbox 212 1941 279 2002; x_wconf 81' lang='lat' dir='ltr'>regis,</span> <span class='ocrx_word' id='word_1_179' title='bbox 289 1942 318 1987; x_wconf 93' lang='lat' dir='ltr'>ob</span> <span class='ocrx_word' id='word_1_180' title='bbox 328 1942 459 1988; x_wconf 84' lang='lat' dir='ltr'>memoriam</span> <span class='ocrx_word' id='word_1_181' title='bbox 470 1943 571 2004; x_wconf 86' lang='lat' dir='ltr'>pristinae</span> <span class='ocrx_word' id='word_1_182' title='bbox 581 1942 678 1996; x_wconf 79' lang='lat' dir='ltr'>virtutis,</span> <span class='ocrx_word' id='word_1_183' title='bbox 690 1956 732 1989; x_wconf 86' lang='lat' dir='ltr'>rex</span> <span class='ocrx_word' id='word_1_184' title='bbox 746 1955 813 2003; x_wconf 79' lang='lat' dir='ltr'>apo·</span> 
     </span>
     <span class='ocr_line' id='line_1_28' title="bbox 139 2006 814 2069; baseline 0.001 -17"><span class='ocrx_word' id='word_1_185' title='bbox 139 2006 194 2069; x_wconf 87' lang='lat' dir='ltr'>pulo</span> <span class='ocrx_word' id='word_1_186' title='bbox 204 2006 354 2061; x_wconf 77' lang='lat' dir='ltr'>constituitur,</span> <span class='ocrx_word' id='word_1_187' title='bbox 367 2006 433 2054; x_wconf 82' lang='lat' dir='ltr'>Darii</span> <span class='ocrx_word' id='word_1_188' title='bbox 443 2008 543 2060; x_wconf 81' lang='lat' dir='ltr'>nomine,</span> <span class='ocrx_word' id='word_1_189' title='bbox 556 2022 585 2053; x_wconf 87' lang='lat' dir='ltr'>ne</span> <span class='ocrx_word' id='word_1_190' title='bbox 593 2006 646 2067; x_wconf 87' lang='lat' dir='ltr'>quid</span> <span class='ocrx_word' id='word_1_191' title='bbox 653 2006 723 2069; x_wconf 78' lang='lat' dir='ltr'>regiae</span> <span class='ocrx_word' id='word_1_192' title='bbox 730 2006 814 2068; x_wconf 78' lang='lat' dir='ltr'>majes-</span> 
     </span>
     <span class='ocr_line' id='line_1_29' title="bbox 141 2071 815 2132; baseline -0.001 -14"><span class='ocrx_word' id='word_1_193' title='bbox 141 2072 183 2118; x_wconf 91' lang='lat' dir='ltr'>tsti</span> <span class='ocrx_word' id='word_1_194' title='bbox 201 2072 295 2125; x_wconf 86' lang='lat' dir='ltr'>deesset,</span> <span class='ocrx_word' id='word_1_195' title='bbox 311 2072 450 2130; x_wconf 55' lang='lat' dir='ltr'>honoratum</span> <span class='ocrx_word' id='word_1_196' title='bbox 467 2072 594 2132; x_wconf 88' lang='lat' dir='ltr'>bellumque</span> <span class='ocrx_word' id='word_1_197' title='bbox 611 2086 663 2117; x_wconf 83' lang='lat' dir='ltr'>eum</span> <span class='ocrx_word' id='word_1_198' title='bbox 681 2071 815 2119; x_wconf 74' lang='lat' dir='ltr'>Alexandro</span> 
     </span>
     <span class='ocr_line' id='line_1_30' title="bbox 142 2134 815 2198; baseline -0.001 -15"><span class='ocrx_word' id='word_1_199' title='bbox 142 2135 232 2198; x_wconf 76' lang='lat' dir='ltr'>Magno</span> <span class='ocrx_word' id='word_1_200' title='bbox 251 2138 296 2191; x_wconf 79' lang='lat' dir='ltr'>diu,</span> <span class='ocrx_word' id='word_1_201' title='bbox 307 2138 408 2184; x_wconf 76' lang='lat' dir='ltr'>variante</span> <span class='ocrx_word' id='word_1_202' title='bbox 423 2135 522 2193; x_wconf 65' lang='lat' dir='ltr'>fortuni,</span> <span class='ocrx_word' id='word_1_203' title='bbox 541 2134 626 2198; x_wconf 76' lang='lat' dir='ltr'>msgmi</span> <span class='ocrx_word' id='word_1_204' title='bbox 640 2137 726 2183; x_wconf 84' lang='lat' dir='ltr'>virtute</span> <span class='ocrx_word' id='word_1_205' title='bbox 735 2135 815 2198; x_wconf 81' lang='lat' dir='ltr'>gessit.</span> 
     </span>
     <span class='ocr_line' id='line_1_31' title="bbox 136 2199 814 2263; baseline -0.003 -14"><span class='ocrx_word' id='word_1_206' title='bbox 136 2199 262 2256; x_wconf 11' lang='lat' dir='ltr'>*Postremo</span> <span class='ocrx_word' id='word_1_207' title='bbox 273 2202 347 2250; x_wconf 82' lang='lat' dir='ltr'>victus</span> <span class='ocrx_word' id='word_1_208' title='bbox 356 2203 385 2250; x_wconf 90' lang='lat' dir='ltr'>sb</span> <span class='ocrx_word' id='word_1_209' title='bbox 397 2202 534 2254; x_wconf 79' lang='lat' dir='ltr'>Alexandro,</span> <span class='ocrx_word' id='word_1_210' title='bbox 544 2209 567 2248; x_wconf 91' lang='lat' dir='ltr'>et</span> <span class='ocrx_word' id='word_1_211' title='bbox 577 2216 591 2247; x_wconf 88' lang='lat' dir='ltr'>a</span> <span class='ocrx_word' id='word_1_212' title='bbox 601 2201 705 2263; x_wconf 75' lang='lat' dir='ltr'>cognatis</span> <span class='ocrx_word' id='word_1_213' title='bbox 716 2201 814 2257; x_wconf 81' lang='lat' dir='ltr'>occisus,</span> 
     </span>
     <span class='ocr_line' id='line_1_32' title="bbox 139 2264 671 2329; baseline 0 -15"><span class='ocrx_word' id='word_1_214' title='bbox 139 2266 212 2314; x_wconf 75' lang='lat' dir='ltr'>sitam</span> <span class='ocrx_word' id='word_1_215' title='bbox 222 2264 305 2329; x_wconf 73' lang='lat' dir='ltr'>puriter</span> <span class='ocrx_word' id='word_1_216' title='bbox 315 2282 367 2316; x_wconf 88' lang='lat' dir='ltr'>eum</span> <span class='ocrx_word' id='word_1_217' title='bbox 379 2266 499 2315; x_wconf 82' lang='lat' dir='ltr'>Persarum</span> <span class='ocrx_word' id='word_1_218' title='bbox 511 2281 583 2329; x_wconf 83' lang='lat' dir='ltr'>regno</span> <span class='ocrx_word' id='word_1_219' title='bbox 590 2265 671 2314; x_wconf 81' lang='lat' dir='ltr'>finivit.</span> 
     </span>
    </p>
   </div>
   <div class='ocr_carea' id='block_1_3' title="bbox 0 0 911 2942">
    <p class='ocr_par' dir='ltr' id='par_1_4' title="bbox 0 0 911 2942">
     <span class='ocr_line' id='line_1_33' title="bbox 0 0 911 2942; baseline 0 0"><span class='ocrx_word' id='word_1_220' title='bbox 0 0 911 2942; x_wconf 95' lang='lat' dir='ltr'> </span> 
     </span>
    </p>
   </div>
  </div>
 </body>
</html>
