1800 2942
187 171 326 223 susurru
342 173 397 224 nm
405 174 560 223 xxxvna
576 142 669 225 cmc
717 181 762 224 aar

94 302 207 365 obliquam
228 303 351 367 Pompeius
370 304 464 368 Trogus
479 306 601 368 exposuit3
621 305 725 367 quoniam
742 306 766 352 in

0 388 4 401 ‘
95 367 165 419 Livio
176 369 234 416 etin
246 369 352 417 Sallustio
363 370 512 432 reprehendit,
527 371 587 431 quod
600 371 721 418 conciones
731 370 766 416 di·

92 441 168 480 rectas
178 449 219 495 pro
230 431 272 480 sud
283 436 384 482 oratione
395 436 457 498 operi
469 451 510 482 suo
521 435 648 490 inserendo,
664 435 766 481 historiae

1 491 14 512 ⁴¹
92 498 189 545 modum
197 500 343 545 excesserint

129 560 176 608 lv.
192 569 208 593 “
218 563 348 625 Optandnm
360 566 400 612 sibi
410 563 498 611 luisse”
510 565 548 621 ait,
563 570 577 594 ‘⁴
586 573 613 611 ut
620 566 648 612 de
653 580 681 611 eo
688 563 767 610 liceret

0 648 4 667 ν
93 627 220 684 consulere,
236 629 350 676 bellumne
367 631 396 677 sit
413 645 464 676 cum
482 630 600 684 Romanis,
620 645 648 675 an
665 643 709 690 pax
725 630 766 675 ha·

0 722 2 731 »
92 692 183 740 bendn:
202 694 256 753 quin
267 709 322 741 vcro
333 695 363 742 sit
374 695 524 742 resistendum
534 695 726 756 impugnantibus,
737 708 768 740 ne

94 772 136 805 eos
157 758 247 818 quidem
270 759 378 816 dubitare,
406 761 445 820 qui
473 776 513 823 spe
540 760 643 806 victoriae
670 765 767 806 careant.

95 822 306 885 Quippeadversus
322 825 440 883 latronem,
459 826 478 871 si
498 831 611 886 nequeant
629 840 671 887 pro
689 824 767 880 salute,

90 903 135 951 pro
157 887 242 935 ultione
264 896 339 937 tamen
363 887 410 946 sui,
437 907 517 938 omnes
538 889 623 937 sermm
646 889 765 950 stringere.

96 950 221 1009 Caetenrm,
238 955 291 1015 quia
307 970 353 1002 non
369 956 393 1002 id
409 964 497 1018 agatur.
518 970 546 1002 an
562 955 629 1002 licent
646 954 768 1016 quiescere,

94 1032 143 1065 non
154 1024 242 1065 tantum
254 1020 330 1066 animo
341 1020 463 1077 hostiliter,
476 1021 515 1066 sed
531 1020 599 1066 etiam
616 1021 696 1082 proelio
713 1021 768 1065 c'on·

48 1099 52 1112 ·
94 1083 188 1145 gressis,
200 1084 371 1140 consulendum,
383 1083 427 1145 quir
438 1086 525 1131 ratione
536 1099 562 1130 ac
573 1100 613 1145 spe
627 1092 702 1145 coepta
710 1084 770 1131 bella

93 1148 228 1195 sustineant
269 1148 330 1196 Esse
347 1158 422 1197 autem
439 1150 481 1196 sibi
498 1150 600 1194 victoriae
615 1147 727 1204 fiduciam,
748 1149 767 1195 si

93 1213 125 1259 sit
135 1212 181 1259 iliis
190 1214 294 1261 animus:
314 1214 478 1275 &mannaque
489 1213 550 1259 vinci
561 1227 635 1274 posse,
648 1213 765 1273 cognitum

93 1291 143 1325 non
163 1278 205 1324 sibi
215 1280 295 1340 magis,
310 1295 377 1342 quam
391 1279 446 1341 ipsis
461 1278 577 1332 militibus,
593 1278 632 1337 qui
651 1283 675 1323 et
690 1277 714 1321 in
725 1275 768 1322 Bi·

96 1339 178 1404 thynii
188 1341 313 1404 Aquilium,
331 1351 355 1391 et
370 1338 535 1391 Maltinum'in
548 1339 690 1405 Cappadocii
705 1339 770 1388 fude-

96 1407 151 1455 rint.
183 1408 217 1454 At
234 1410 252 1455 si
268 1425 334 1470 quem
352 1409 424 1457 aliena
440 1409 515 1471 magis
533 1407 635 1470 exempla
651 1421 719 1468 quam
730 1421 772 1455 sua

94 1472 251 1534 experimenta
269 1483 383 1530 moveant,
406 1476 483 1522 audire
506 1488 537 1528 se,
559 1489 573 1519 a
593 1473 691 1533 Pyrrho,
715 1486 770 1533 rege

95 1535 171 1599 Epiri,
187 1553 232 1584 non
249 1540 344 1602 amplius
358 1555 425 1603 quam
436 1540 537 1602 quinque
548 1538 646 1584 millibus
658 1536 771 1584 Macedo·

96 1616 154 1651 num
165 1602 282 1659 instructo,
297 1603 361 1652 susos
378 1606 448 1652 tribus
465 1604 550 1667 proeliis
561 1603 687 1650 Romanos.
720 1601 772 1649 Au-

96 1667 146 1714 dire
158 1666 311 1716 Hannibalem
323 1669 436 1716 sexdecim
448 1669 514 1717 annis
525 1666 598 1715 ltaliae
610 1668 718 1715 uictorem
727 1667 771 1712 im-

97 1739 228 1779 moratum:
251 1743 275 1780 et
290 1735 346 1794 quin
362 1735 432 1796 ipsam
450 1740 541 1796 caperet
552 1733 647 1787 Urbem,
664 1748 711 1780 non
722 1731 773 1779 Ro·

96 1811 220 1844 manorum
230 1797 262 1844 illi
273 1799 335 1845 vires
346 1799 466 1853 obstitisse,
479 1799 519 1845 sed
531 1799 661 1846 domesticae
678 1798 772 1844 aemula·

96 1862 168 1909 tionis
179 1863 462 1922 atqueinvidiaestudium.
489 1864 576 1910 Audire
584 1862 773 1926 populosTrans·

96 1925 181 1987 alpinae
198 1926 282 1974 Galliae
299 1926 389 1974 Italiam
405 1929 529 1990 ingressos,
546 1929 651 1975 maximis
662 1943 711 1974 eam
721 1926 773 1988 plu·

96 1990 208 2051 rimisque
217 1992 307 2038 urbibus
318 1993 449 2054 possidere;
467 1999 490 2039 et
499 1993 567 2040 latius
575 1994 688 2053 aliquanto
700 1992 774 2037 solum
867 2001 872 2010 “

96 2054 187 2110 finium,
199 2070 267 2115 quam
279 2057 302 2102 in
314 2055 378 2112 Asici,
394 2072 445 2118 quae
460 2058 547 2103 dicatur
563 2057 665 2110 imbellis,
681 2054 773 2101 eosdem

99 2120 183 2169 Gallos
192 2118 326 2183 occupdsse:
341 2136 383 2168 nec
391 2123 475 2168 victam
485 2122 557 2168 solum
566 2121 610 2166 dici
622 2120 662 2166 sibi
674 2119 773 2166 Romam

97 2200 114 2233 a
123 2184 206 2239 Gallis,
218 2186 336 2233 sedetiam
348 2194 443 2248 captam,
455 2187 488 2231 ita
505 2194 530 2231 ut
546 2186 614 2231 unius
630 2185 674 2230 illis
690 2185 775 2231 montis

96 2257 189 2298 tantum
207 2264 316 2297 cacumen
333 2252 514 2312 relinqueretur;
537 2265 580 2295 nec
599 2249 657 2296 bello
676 2249 774 2306 bostem,

95 2314 140 2364 sed
148 2315 228 2377 pretio,
241 2322 361 2362 remotum.
395 2315 516 2363 Gallorum
525 2321 601 2360 autem
610 2328 701 2368 nomen,
712 2314 774 2375 quod

97 2394 190 2442 eernper
200 2379 320 2428 Romanos
331 2381 418 2435 terruit,
436 2381 461 2426 in
478 2389 564 2442 partem
585 2380 667 2424 virium
683 2394 775 2424 suarum
813 2407 816 2412 -

97 2447 150 2508 ipse
161 2456 279 2492 numeret:
300 2461 353 2492 nam
365 2447 414 2500 bos,
429 2447 468 2506 qui
480 2445 559 2491 Asiam
571 2443 681 2497 incolunt,
694 2442 775 2489 Gallos

99 2509 198 2565 abillis,
218 2511 256 2571 qui
276 2508 366 2558 Italiam
386 2516 559 2572 occupaverant,
580 2509 670 2555 sedibus
688 2515 777 2553 tantum

99 2575 202 2633 distare;
227 2575 339 2638 originem
361 2574 452 2636 quidem
476 2589 502 2621 ac
522 2574 637 2627 virtutem,
659 2585 778 2634 genusque

99 2653 188 2703 pugnae
203 2639 271 2694 idem,
289 2641 383 2687 babere:
407 2648 517 2699 tantoque
536 2638 571 2684 his
591 2637 708 2698 sagaciora
726 2650 777 2683 esse

100 2717 173 2769 quam
185 2704 229 2752 illis
240 2705 338 2769 ingenia,
347 2711 431 2770 quanto
439 2703 539 2767 longiori
547 2718 573 2749 ac
582 2701 700 2750 difficiliori
707 2701 779 2762 spatio
