1800 2942
144 179 191 226 152
300 173 439 227 JUSTINI
456 175 509 224 Lm.
520 173 541 222 1.
557 172 619 224 Car.
626 178 649 225 7.

140 312 193 364 bnr;
205 312 229 354 et
239 307 335 370 repetito
347 306 444 354 userius
454 305 583 361 certamine,
590 307 746 368 pugnantibus
756 309 812 369 suis,

139 380 228 434 partem
244 371 357 419 exercitiis
377 387 392 418 a
412 379 479 433 tergo
496 371 575 434 ponit;
592 377 616 417 et
632 374 812 434 tergiversantes

140 437 201 485 terro
217 438 294 499 agiis
313 439 390 484 hostes
406 436 487 499 jubet:
506 450 533 482 so
554 435 671 484 denuntiat
688 439 743 493 suis·
761 446 777 469 ‘⁴
788 440 813 486 ni
876 454 878 458 ·

140 503 265 556 vincerent,
281 517 327 548 non
344 502 419 549 minus
428 501 500 548 fortes
511 501 578 547 etism
589 508 642 563 post
651 508 718 565 terga
727 504 811 552 inven-

141 575 211 621 turos,
231 582 299 627 quam
320 582 334 614 a
354 566 472 622 frontibus,
494 566 569 614 viros:
594 567 689 627 proinde
710 569 812 625 ridesnt.

138 632 278 694 fugientibus
289 632 345 688 baeo,
364 647 393 679 sn
404 632 443 679 ills
451 630 606 694 pugnantibus
616 632 676 678 scies
686 634 813 695 rumpenda

140 695 195 744 sit.”
229 693 322 758 Ingens,
339 705 392 760 post
408 697 564 744 neoesmatem
581 697 704 758 pugnandi,
722 699 813 748 animus

141 763 249 809 exercitui
260 762 309 822 ejus
319 762 421 810 soemsit.
456 760 527 808 Pulso
536 762 613 822 itsque
623 776 676 807 cum
688 761 812 811 Persarum

141 827 202 873 scies
216 827 323 887 paulatim
336 828 432 882 eederet,
454 834 537 873 matres
548 834 571 873 et
582 841 665 874 uxores
676 841 758 875 eorum
769 829 812 876 ob·

141 893 201 938 riam
223 898 358 939 occurrunt:
384 899 456 948 orant,
478 892 502 938 in
523 892 628 953 proelium
650 899 809 942 revertuntur:

141 956 306 1011 cunctantibus,
317 954 404 1003 sublati
414 963 485 1010 veste,
502 957 609 1005 obsooens
619 958 720 1019 eorporis
732 965 811 1006 osten·

141 1022 204 1076 dunt,
224 1029 337 1083 rogantes,
357 1036 411 1067 num
427 1022 451 1067 in
468 1028 544 1069 uteros
555 1028 651 1069 metrum
663 1023 702 1068 vel
712 1037 812 1072 uxonun

140 1086 213 1134 velint
223 1084 334 1148 refugere.
367 1085 420 1133 Huc
431 1087 526 1148 repressi
537 1087 692 1149 emtigstione,
711 1087 737 1133 in
749 1103 812 1151 proe·

141 1151 197 1198 tium
209 1150 317 1207 redeunt3
334 1160 358 1199 et
373 1149 434 1198 t'sctd
448 1152 605 1213 impressione,
616 1167 674 1212 quos
684 1152 812 1213 fugiebant.

139 1215 221 1278 fugere
227 1216 373 1278 compellunt.
407 1215 436 1262 ln
448 1231 477 1263 eo
486 1217 567 1278 proelio
579 1217 696 1278 Astyages
707 1219 811 1279 eapiturr

140 1283 178 1328 cui
190 1280 267 1342 Cyrus
278 1282 333 1329 nihil
343 1282 403 1329 aliud
417 1296 484 1343 quam
501 1295 597 1344 regnum
616 1282 721 1340 abstrdit3
739 1298 811 1346 nepo-

141 1353 232 1410 temque
248 1347 272 1392 in
287 1346 327 1394 illo
342 1347 416 1409 magis
432 1361 499 1406 quam
511 1346 620 1393 victorem
631 1348 693 1409 egit:
712 1362 812 1410 eumque

140 1414 248 1459 msximae
274 1413 338 1474 genti
361 1410 524 1472 Hyrcanorum
545 1413 681 1474 praeposuit:
710 1427 764 1460 nsm
787 1414 811 1460 in

142 1476 227 1525 Medos
238 1479 319 1524 reverti
331 1479 379 1540 ipse
390 1477 468 1523 noluit
503 1473 550 1523 Hic
567 1475 618 1523 bnis
629 1477 754 1524 Medorum
765 1478 810 1525 im·

141 1538 756 1669 Peri}{sil-'tininssoeffnegdingpirdzngjsrbffiffoiepmmm
772 1622 811 1655 so·

140 1672 208 1726 cium,
226 1687 293 1732 quem
305 1674 373 1736 juxta
390 1679 526 1719 nocturnum
537 1671 611 1717 uisum
627 1671 744 1732 ergastulo
755 1672 811 1719 libe·

142 1744 237 1791 raverst,
245 1738 395 1798 comitemque
401 1737 425 1783 in
430 1737 534 1783 omnibus
542 1737 608 1782 rebus
617 1736 731 1792 babuerat,
735 1736 812 1785 Persis

140 1801 270 1864 praeposuit,
284 1816 430 1862 sororemque
447 1815 511 1848 suam
523 1801 544 1847 ei
554 1801 579 1846 in
590 1801 759 1848 matrimonium
772 1802 811 1849 de·

141 1867 182 1913 diu
206 1865 252 1913 Sed
262 1866 372 1920 civitates,
383 1881 434 1927 quae
445 1866 569 1913 Medorum
580 1866 703 1913 tributarie
712 1865 811 1924 fuerant,

140 1939 228 1978 mutato
245 1931 345 1993 imperio,
363 1932 431 1977 etism
448 1932 601 1979 conditionem
618 1947 682 1979 suam
701 1940 813 1980 mutatum

142 1997 280 2050 arbitrantes,
298 2011 313 2043 a
329 1993 396 2059 Cyro
409 1995 557 2044 defecerunt:
577 2011 629 2058 quae
639 2012 676 2044 res
686 1997 812 2044 multorum

140 2062 251 2110 beliorum
263 2059 327 2123 Cyro
337 2076 405 2108 esuss
412 2070 435 2107 et
446 2062 512 2123 origo
523 2061 573 2108 fuit.
605 2059 708 2108 Domitis
719 2062 812 2109 demum

140 2127 258 2189 plerisque.
276 2142 327 2173 cum
344 2127 451 2174 adversus
468 2126 607 2188 Babylonios
617 2126 700 2173 bellum
711 2134 812 2188 gereret,

140 2191 274 2251 Bsbyloniis
284 2207 324 2239 rex
336 2191 453 2254 Lydorum
464 2190 566 2247 Croesus,
577 2193 642 2254 eujus
651 2206 706 2252 opes
717 2198 742 2238 ot
753 2192 813 2239 disi·

142 2257 181 2303 tiae
191 2257 292 2318 insignes
307 2256 335 2304 ed
345 2263 479 2319 tempestato
488 2265 558 2312 erunt.
578 2256 602 2302 in
612 2256 720 2303 auxilium
731 2257 814 2316 venit3

140 2322 259 2382 uictusque
264 2323 314 2385 jam
325 2338 351 2369 so
362 2323 482 2376 desolatus,
492 2321 517 2367 in
527 2336 623 2385 regnum
635 2319 727 2382 refugit.
761 2319 814 2383 Cy·

141 2401 180 2433 rus
190 2401 280 2448 quoque
289 2395 342 2449 post
351 2387 477 2440 victoriam,
494 2386 624 2448 compositis
641 2387 664 2432 in
682 2383 815 2447 Babylonii

142 2452 215 2505 rebus,
229 2451 311 2498 bellum
323 2450 429 2499 uunnert
439 2452 463 2497 in
475 2449 580 2512 Lydium.
613 2448 648 2498 Ibi
659 2450 754 2498 fortund
764 2448 813 2514 pri·

140 2518 186 2564 oris
207 2516 280 2577 proelii
297 2518 424 2578 perculsum
441 2517 491 2579 Jum
507 2514 582 2565 Croesi
601 2516 725 2564 exereitum
748 2516 814 2565 nullo

141 2582 235 2643 negotio
249 2580 336 2628 fundit:
356 2580 451 2630 Croesus
470 2582 519 2643 ipse
535 2581 628 2643 capitur.
661 2581 706 2628 Sed
725 2589 814 2642 quanto

140 2648 224 2710 bellum
235 2647 328 2694 minoris
339 2647 441 2709 periculi,
458 2653 523 2693 tanto
534 2654 558 2694 ot
568 2646 645 2693 mitior
654 2646 751 2693 victoria
761 2646 814 2694 fuit.

143 2708 227 2761 Croeso
241 2719 265 2759 et
276 2713 329 2769 sita,
345 2720 369 2759 et
384 2712 514 2776 patrimonii
528 2718 610 2776 partes,
626 2714 651 2759 et
666 2711 721 2760 urbs
737 2710 815 2760 Barce
