<?xml version="1.0" encoding="UTF-8"?>
<!DOCTYPE html PUBLIC "-//W3C//DTD XHTML 1.0 Transitional//EN"
    "http://www.w3.org/TR/xhtml1/DTD/xhtml1-transitional.dtd">
<html xmlns="http://www.w3.org/1999/xhtml" xml:lang="en" lang="en">
 <head>
  <title>
</title>
<meta http-equiv="Content-Type" content="text/html;charset=utf-8" />
  <meta name='ocr-system' content='tesseract 3.04.00' />
  <meta name='ocr-capabilities' content='ocr_page ocr_carea ocr_par ocr_line ocrx_word'/>
</head>
<body>
  <div class='ocr_page' id='page_1' title='image "./quaeintegrasupe00grongoog_0120.png"; bbox 0 0 1800 2942; ppageno 0'>
   <div class='ocr_carea' id='block_1_1' title="bbox 149 162 819 216">
    <p class='ocr_par' dir='ltr' id='par_1_1' title="bbox 149 162 819 216">
     <span class='ocr_line' id='line_1_1' title="bbox 149 162 819 216; baseline 0 -2"><span class='ocrx_word' id='word_1_1' title='bbox 149 169 198 214; x_wconf 78' lang='lat'><strong>102</strong></span> <span class='ocrx_word' id='word_1_2' title='bbox 379 165 397 216; x_wconf 89' lang='lat' dir='ltr'>J</span> <span class='ocrx_word' id='word_1_3' title='bbox 399 162 581 215; x_wconf 71' lang='lat' dir='ltr'><strong>UGURTHA.</strong></span> <span class='ocrx_word' id='word_1_4' title='bbox 706 163 767 214; x_wconf 73' lang='lat' dir='ltr'><strong>eu.</strong></span> <span class='ocrx_word' id='word_1_5' title='bbox 778 168 819 214; x_wconf 69' lang='grc'><strong>85.4</strong></span> 
     </span>
    </p>
   </div>
   <div class='ocr_carea' id='block_1_2' title="bbox 148 295 816 350">
    <p class='ocr_par' dir='ltr' id='par_1_2' title="bbox 148 295 816 350">
     <span class='ocr_line' id='line_1_2' title="bbox 148 295 816 350; baseline 0.001 -8"><span class='ocrx_word' id='word_1_6' title='bbox 148 310 255 349; x_wconf 76' lang='lat' dir='ltr'><strong>maxumo</strong></span> <span class='ocrx_word' id='word_1_7' title='bbox 277 302 353 342; x_wconf 73' lang='lat' dir='ltr'><strong>vestro</strong></span> <span class='ocrx_word' id='word_1_8' title='bbox 372 295 488 350; x_wconf 76' lang='lat' dir='ltr'><strong>beneficio,</strong></span> <span class='ocrx_word' id='word_1_9' title='bbox 506 311 558 342; x_wconf 85' lang='lat' dir='ltr'><strong>cum</strong></span> <span class='ocrx_word' id='word_1_10' title='bbox 579 295 684 342; x_wconf 85' lang='lat' dir='ltr'><strong>omnibus</strong></span> <span class='ocrx_word' id='word_1_11' title='bbox 705 295 763 343; x_wconf 82' lang='lat' dir='ltr'><strong>loeis</strong></span> <span class='ocrx_word' id='word_1_12' title='bbox 778 312 816 343; x_wconf 84' lang='lat' dir='ltr'><strong>me</strong></span> 
     </span>
    </p>
   </div>
   <div class='ocr_carea' id='block_1_3' title="bbox 148 360 890 422">
    <p class='ocr_par' dir='ltr' id='par_1_3' title="bbox 148 360 890 422">
     <span class='ocr_line' id='line_1_3' title="bbox 148 360 890 422; baseline 0.001 -15"><span class='ocrx_word' id='word_1_13' title='bbox 148 376 235 422; x_wconf 87' lang='lat' dir='ltr'><strong>vosque</strong></span> <span class='ocrx_word' id='word_1_14' title='bbox 246 360 370 407; x_wconf 80' lang='lat' dir='ltr'><strong>maledictis</strong></span> <span class='ocrx_word' id='word_1_15' title='bbox 379 360 485 414; x_wconf 64' lang='lat' dir='ltr'><strong>lacerent,</strong></span> <span class='ocrx_word' id='word_1_16' title='bbox 504 376 550 408; x_wconf 84' lang='lat' dir='ltr'><strong>uon</strong></span> <span class='ocrx_word' id='word_1_17' title='bbox 561 360 644 422; x_wconf 88' lang='lat' dir='ltr'><strong>placuit</strong></span> <span class='ocrx_word' id='word_1_18' title='bbox 659 361 770 419; x_wconf 66' lang='lat' dir='ltr'><strong>reticem</strong></span> <span class='ocrx_word' id='word_1_19' title='bbox 786 377 816 408; x_wconf 84' lang='lat' dir='ltr'><strong>ue</strong></span> <span class='ocrx_word' id='word_1_20' title='bbox 889 366 890 373; x_wconf 76' lang='grc'>’</span> 
     </span>
    </p>
   </div>
   <div class='ocr_carea' id='block_1_4' title="bbox 145 424 828 2432">
    <p class='ocr_par' dir='ltr' id='par_1_4' title="bbox 145 424 828 2432">
     <span class='ocr_line' id='line_1_4' title="bbox 148 424 816 487; baseline 0.001 -15"><span class='ocrx_word' id='word_1_21' title='bbox 148 427 199 487; x_wconf 82' lang='lat' dir='ltr'><strong>quis</strong></span> <span class='ocrx_word' id='word_1_22' title='bbox 210 426 342 473; x_wconf 76' lang='lat' dir='ltr'><strong>modestiam</strong></span> <span class='ocrx_word' id='word_1_23' title='bbox 353 426 376 472; x_wconf 87' lang='lat' dir='ltr'><strong>in</strong></span> <span class='ocrx_word' id='word_1_24' title='bbox 393 426 554 473; x_wconf 80' lang='lat' dir='ltr'><strong>conscientiam</strong></span> <span class='ocrx_word' id='word_1_25' title='bbox 566 427 664 472; x_wconf 68' lang='lat' dir='ltr'><strong>duceret.</strong></span> <span class='ocrx_word' id='word_1_26' title='bbox 698 424 762 473; x_wconf 85' lang='lat' dir='ltr'><strong>Nam</strong></span> <span class='ocrx_word' id='word_1_27' title='bbox 778 442 816 473; x_wconf 88' lang='lat' dir='ltr'><strong>me</strong></span> 
     </span>
     <span class='ocr_line' id='line_1_5' title="bbox 148 488 816 553; baseline 0 -16"><span class='ocrx_word' id='word_1_28' title='bbox 148 491 245 552; x_wconf 73' lang='lat' dir='ltr'><strong>quidem,</strong></span> <span class='ocrx_word' id='word_1_29' title='bbox 262 505 292 537; x_wconf 80' lang='lat' dir='ltr'><strong>ex</strong></span> <span class='ocrx_word' id='word_1_30' title='bbox 305 491 373 537; x_wconf 87' lang='lat' dir='ltr'><strong>animi</strong></span> <span class='ocrx_word' id='word_1_31' title='bbox 390 488 509 543; x_wconf 64' lang='lat' dir='ltr'><strong>sententii,</strong></span> <span class='ocrx_word' id='word_1_32' title='bbox 527 490 588 537; x_wconf 87' lang='lat' dir='ltr'><strong>nulla</strong></span> <span class='ocrx_word' id='word_1_33' title='bbox 598 491 670 537; x_wconf 83' lang='lat' dir='ltr'><strong>oratio</strong></span> <span class='ocrx_word' id='word_1_34' title='bbox 680 490 765 537; x_wconf 75' lang='lat' dir='ltr'><strong>laedere</strong></span> <span class='ocrx_word' id='word_1_35' title='bbox 775 507 816 553; x_wconf 89' lang='lat' dir='ltr'><strong>po-</strong></span> 
     </span>
     <span class='ocr_line' id='line_1_6' title="bbox 147 554 816 617; baseline 0.003 -15"><span class='ocrx_word' id='word_1_36' title='bbox 147 563 203 603; x_wconf 83' lang='lat' dir='ltr'><strong>test:</strong></span> <span class='ocrx_word' id='word_1_37' title='bbox 215 556 302 617; x_wconf 83' lang='lat' dir='ltr'><strong>quippe,</strong></span> <span class='ocrx_word' id='word_1_38' title='bbox 311 570 371 608; x_wconf 78' lang='lat' dir='ltr'><strong>vera,</strong></span> <span class='ocrx_word' id='word_1_39' title='bbox 384 570 478 602; x_wconf 84' lang='lat' dir='ltr'><strong>ueossse</strong></span> <span class='ocrx_word' id='word_1_40' title='bbox 488 563 530 609; x_wconf 88' lang='lat' dir='ltr'><strong>est,</strong></span> <span class='ocrx_word' id='word_1_41' title='bbox 542 556 600 602; x_wconf 85' lang='lat' dir='ltr'><strong>bene</strong></span> <span class='ocrx_word' id='word_1_42' title='bbox 607 555 728 617; x_wconf 78' lang='lat' dir='ltr'><strong>proedicet3</strong></span> <span class='ocrx_word' id='word_1_43' title='bbox 736 554 816 604; x_wconf 69' lang='lat' dir='ltr'><strong>tusam</strong></span> 
     </span>
     <span class='ocr_line' id='line_1_7' title="bbox 146 620 819 682; baseline 0.003 -15"><span class='ocrx_word' id='word_1_44' title='bbox 146 623 196 667; x_wconf 75' lang='lat' dir='ltr'><strong>vita</strong></span> <span class='ocrx_word' id='word_1_45' title='bbox 211 635 330 680; x_wconf 85' lang='lat' dir='ltr'><strong>moresque</strong></span> <span class='ocrx_word' id='word_1_46' title='bbox 347 620 392 667; x_wconf 82' lang='lat' dir='ltr'><strong>mei</strong></span> <span class='ocrx_word' id='word_1_47' title='bbox 411 627 524 682; x_wconf 78' lang='lat' dir='ltr'><strong>superant.</strong></span> <span class='ocrx_word' id='word_1_48' title='bbox 556 620 724 681; x_wconf 77' lang='lat' dir='ltr'><strong>sedquoniam</strong></span> <span class='ocrx_word' id='word_1_49' title='bbox 741 629 819 669; x_wconf 76' lang='lat' dir='ltr'><strong>vestra</strong></span> 
     </span>
     <span class='ocr_line' id='line_1_8' title="bbox 147 685 818 746; baseline 0.001 -13"><span class='ocrx_word' id='word_1_50' title='bbox 147 685 241 733; x_wconf 81' lang='lat' dir='ltr'><strong>consilia</strong></span> <span class='ocrx_word' id='word_1_51' title='bbox 250 693 390 738; x_wconf 73' lang='lat' dir='ltr'><strong>assumtus,</strong></span> <span class='ocrx_word' id='word_1_52' title='bbox 407 687 446 746; x_wconf 88' lang='lat' dir='ltr'><strong>qui</strong></span> <span class='ocrx_word' id='word_1_53' title='bbox 463 686 518 731; x_wconf 87' lang='lat' dir='ltr'><strong>mibi</strong></span> <span class='ocrx_word' id='word_1_54' title='bbox 534 700 647 732; x_wconf 87' lang='lat' dir='ltr'><strong>summum</strong></span> <span class='ocrx_word' id='word_1_55' title='bbox 658 686 776 740; x_wconf 82' lang='lat' dir='ltr'><strong>honorem,</strong></span> <span class='ocrx_word' id='word_1_56' title='bbox 794 693 818 734; x_wconf 85' lang='lat' dir='ltr'><strong>et</strong></span> 
     </span>
     <span class='ocr_line' id='line_1_9' title="bbox 147 750 818 812; baseline 0 -14"><span class='ocrx_word' id='word_1_57' title='bbox 147 765 279 798; x_wconf 81' lang='lat' dir='ltr'><strong>maxumum</strong></span> <span class='ocrx_word' id='word_1_58' title='bbox 290 750 407 812; x_wconf 81' lang='lat' dir='ltr'><strong>negotium</strong></span> <span class='ocrx_word' id='word_1_59' title='bbox 418 751 573 812; x_wconf 81' lang='lat' dir='ltr'><strong>imposuistis3</strong></span> <span class='ocrx_word' id='word_1_60' title='bbox 589 751 657 798; x_wconf 82' lang='lat' dir='ltr'><strong>etiam</strong></span> <span class='ocrx_word' id='word_1_61' title='bbox 668 758 738 811; x_wconf 84' lang='lat' dir='ltr'><strong>atque</strong></span> <span class='ocrx_word' id='word_1_62' title='bbox 747 752 818 798; x_wconf 82' lang='lat' dir='ltr'><strong>etism</strong></span> 
     </span>
     <span class='ocr_line' id='line_1_10' title="bbox 146 814 818 878; baseline 0.001 -16"><span class='ocrx_word' id='word_1_63' title='bbox 146 824 256 877; x_wconf 79' lang='lat' dir='ltr'><strong>reputate,</strong></span> <span class='ocrx_word' id='word_1_64' title='bbox 275 830 330 862; x_wconf 86' lang='lat' dir='ltr'><strong>num</strong></span> <span class='ocrx_word' id='word_1_65' title='bbox 344 814 367 862; x_wconf 82' lang='lat' dir='ltr'><strong>id</strong></span> <span class='ocrx_word' id='word_1_66' title='bbox 377 815 532 878; x_wconf 68' lang='lat' dir='ltr'><strong>paenitendum</strong></span> <span class='ocrx_word' id='word_1_67' title='bbox 543 816 579 862; x_wconf 76' lang='lat' dir='ltr'><strong>sit.</strong></span> <span class='ocrx_word' id='word_1_68' title='bbox 612 814 669 862; x_wconf 88' lang='lat' dir='ltr'><strong>Non</strong></span> <span class='ocrx_word' id='word_1_69' title='bbox 684 831 779 878; x_wconf 85' lang='lat' dir='ltr'><strong>possum</strong></span> <span class='ocrx_word' id='word_1_70' title='bbox 790 814 818 863; x_wconf 82' lang='lat' dir='ltr'><strong>fl-</strong></span> 
     </span>
     <span class='ocr_line' id='line_1_11' title="bbox 147 878 819 943; baseline 0.001 -16"><span class='ocrx_word' id='word_1_71' title='bbox 147 880 183 927; x_wconf 81' lang='lat' dir='ltr'><strong>dei</strong></span> <span class='ocrx_word' id='word_1_72' title='bbox 193 878 262 928; x_wconf 69' lang='lat' dir='ltr'><strong>causi</strong></span> <span class='ocrx_word' id='word_1_73' title='bbox 270 880 388 942; x_wconf 82' lang='lat' dir='ltr'><strong>imagines,</strong></span> <span class='ocrx_word' id='word_1_74' title='bbox 405 895 479 942; x_wconf 85' lang='lat' dir='ltr'><strong>neque</strong></span> <span class='ocrx_word' id='word_1_75' title='bbox 492 881 618 943; x_wconf 87' lang='lat' dir='ltr'><strong>triumphos</strong></span> <span class='ocrx_word' id='word_1_76' title='bbox 627 888 667 928; x_wconf 86' lang='lat' dir='ltr'><strong>aut</strong></span> <span class='ocrx_word' id='word_1_77' title='bbox 676 882 819 936; x_wconf 72' lang='lat' dir='ltr'><strong>consuimus,</strong></span> 
     </span>
     <span class='ocr_line' id='line_1_12' title="bbox 147 947 818 1007; baseline 0.001 -15"><span class='ocrx_word' id='word_1_78' title='bbox 147 947 258 1007; x_wconf 85' lang='lat' dir='ltr'><strong>majorum</strong></span> <span class='ocrx_word' id='word_1_79' title='bbox 277 960 379 992; x_wconf 85' lang='lat' dir='ltr'><strong>meorum</strong></span> <span class='ocrx_word' id='word_1_80' title='bbox 401 952 515 994; x_wconf 83' lang='lat' dir='ltr'><strong>ostentare</strong></span> <span class='ocrx_word' id='word_1_81' title='bbox 522 962 531 1003; x_wconf 67' lang='grc' dir='ltr'><strong>ς</strong></span> <span class='ocrx_word' id='word_1_82' title='bbox 556 953 587 999; x_wconf 85' lang='lat' dir='ltr'><strong>at,</strong></span> <span class='ocrx_word' id='word_1_83' title='bbox 609 947 627 992; x_wconf 91' lang='lat' dir='ltr'><strong>si</strong></span> <span class='ocrx_word' id='word_1_84' title='bbox 650 960 686 992; x_wconf 87' lang='lat' dir='ltr'><strong>res</strong></span> <span class='ocrx_word' id='word_1_85' title='bbox 707 947 818 1007; x_wconf 79' lang='lat' dir='ltr'><strong>postulet.</strong></span> 
     </span>
     <span class='ocr_line' id='line_1_13' title="bbox 147 1009 818 1073; baseline 0.003 -16"><span class='ocrx_word' id='word_1_86' title='bbox 147 1010 231 1063; x_wconf 72' lang='lat' dir='ltr'><strong>hastas,</strong></span> <span class='ocrx_word' id='word_1_87' title='bbox 242 1009 358 1064; x_wconf 82' lang='lat' dir='ltr'><strong>vexillum,</strong></span> <span class='ocrx_word' id='word_1_88' title='bbox 369 1011 479 1073; x_wconf 77' lang='lat' dir='ltr'><strong>phaleras,</strong></span> <span class='ocrx_word' id='word_1_89' title='bbox 498 1011 541 1058; x_wconf 86' lang='lat' dir='ltr'><strong>ulia</strong></span> <span class='ocrx_word' id='word_1_90' title='bbox 551 1010 656 1058; x_wconf 84' lang='lat' dir='ltr'><strong>militaria</strong></span> <span class='ocrx_word' id='word_1_91' title='bbox 665 1010 741 1067; x_wconf 69' lang='lat' dir='ltr'><strong>dorm</strong></span> <span class='ocrx_word' id='word_1_92' title='bbox 757 1026 818 1073; x_wconf 74' lang='lat' dir='ltr'><strong>pras-</strong></span> 
     </span>
     <span class='ocr_line' id='line_1_14' title="bbox 147 1074 820 1138; baseline 0.001 -16"><span class='ocrx_word' id='word_1_93' title='bbox 147 1082 210 1122; x_wconf 78' lang='lat' dir='ltr'><strong>terea</strong></span> <span class='ocrx_word' id='word_1_94' title='bbox 230 1074 345 1121; x_wconf 73' lang='lat' dir='ltr'><strong>cicatrices</strong></span> <span class='ocrx_word' id='word_1_95' title='bbox 361 1076 458 1123; x_wconf 85' lang='lat' dir='ltr'><strong>advorso</strong></span> <span class='ocrx_word' id='word_1_96' title='bbox 476 1091 577 1138; x_wconf 86' lang='lat' dir='ltr'><strong>corpore.</strong></span> <span class='ocrx_word' id='word_1_97' title='bbox 617 1075 666 1122; x_wconf 69' lang='lat' dir='ltr'><strong>He</strong></span> <span class='ocrx_word' id='word_1_98' title='bbox 684 1082 739 1123; x_wconf 78' lang='lat' dir='ltr'><strong>sunt</strong></span> <span class='ocrx_word' id='word_1_99' title='bbox 757 1090 820 1124; x_wconf 79' lang='lat' dir='ltr'><strong>meae</strong></span> 
     </span>
     <span class='ocr_line' id='line_1_15' title="bbox 147 1138 820 1201; baseline 0.003 -15"><span class='ocrx_word' id='word_1_100' title='bbox 147 1138 265 1201; x_wconf 80' lang='lat' dir='ltr'><strong>imagines,</strong></span> <span class='ocrx_word' id='word_1_101' title='bbox 283 1140 332 1186; x_wconf 79' lang='lat' dir='ltr'><strong>lraec</strong></span> <span class='ocrx_word' id='word_1_102' title='bbox 349 1141 461 1194; x_wconf 79' lang='lat' dir='ltr'><strong>nobilitas,</strong></span> <span class='ocrx_word' id='word_1_103' title='bbox 481 1156 527 1188; x_wconf 88' lang='lat' dir='ltr'><strong>nou</strong></span> <span class='ocrx_word' id='word_1_104' title='bbox 546 1140 676 1188; x_wconf 79' lang='lat' dir='ltr'><strong>boersditate</strong></span> <span class='ocrx_word' id='word_1_105' title='bbox 687 1140 774 1195; x_wconf 77' lang='lat' dir='ltr'><strong>rebem,</strong></span> <span class='ocrx_word' id='word_1_106' title='bbox 792 1149 820 1188; x_wconf 90' lang='lat' dir='ltr'><strong>ut</strong></span> 
     </span>
     <span class='ocr_line' id='line_1_16' title="bbox 147 1204 820 1269; baseline 0.004 -19"><span class='ocrx_word' id='word_1_107' title='bbox 147 1205 187 1251; x_wconf 91' lang='lat' dir='ltr'><strong>illa</strong></span> <span class='ocrx_word' id='word_1_108' title='bbox 205 1204 256 1258; x_wconf 84' lang='lat' dir='ltr'><strong>illis,</strong></span> <span class='ocrx_word' id='word_1_109' title='bbox 277 1204 316 1251; x_wconf 80' lang='lat' dir='ltr'><strong>sed</strong></span> <span class='ocrx_word' id='word_1_110' title='bbox 327 1220 379 1267; x_wconf 80' lang='lat' dir='ltr'><strong>quoe</strong></span> <span class='ocrx_word' id='word_1_111' title='bbox 388 1221 433 1268; x_wconf 80' lang='lat' dir='ltr'><strong>ego</strong></span> <span class='ocrx_word' id='word_1_112' title='bbox 443 1206 546 1269; x_wconf 88' lang='lat' dir='ltr'><strong>plurimis</strong></span> <span class='ocrx_word' id='word_1_113' title='bbox 556 1205 667 1253; x_wconf 76' lang='lat' dir='ltr'><strong>laboribus</strong></span> <span class='ocrx_word' id='word_1_114' title='bbox 677 1216 701 1251; x_wconf 88' lang='lat' dir='ltr'><strong>et</strong></span> <span class='ocrx_word' id='word_1_115' title='bbox 710 1206 820 1266; x_wconf 83' lang='lat' dir='ltr'><strong>periculis</strong></span> 
     </span>
     <span class='ocr_line' id='line_1_17' title="bbox 146 1268 819 1398; baseline 0.003 -16"><span class='ocrx_word' id='word_1_116' title='bbox 146 1284 254 1393; x_wconf 65' lang='lat' dir='ltr'><strong>iiiiii}</strong></span> <span class='ocrx_word' id='word_1_117' title='bbox 270 1268 819 1398; x_wconf 48' lang='lat' dir='ltr'><strong>&amp;lautumiarum</strong></span> 
     </span>
     <span class='ocr_line' id='line_1_18' title="bbox 147 1398 820 1463; baseline 0.004 -17"><span class='ocrx_word' id='word_1_118' title='bbox 147 1415 205 1462; x_wconf 84' lang='lat' dir='ltr'><strong>opus</strong></span> <span class='ocrx_word' id='word_1_119' title='bbox 222 1410 266 1455; x_wconf 79' lang='lat' dir='ltr'><strong>est,</strong></span> <span class='ocrx_word' id='word_1_120' title='bbox 286 1401 319 1448; x_wconf 87' lang='lat' dir='ltr'><strong>uti</strong></span> <span class='ocrx_word' id='word_1_121' title='bbox 338 1401 411 1463; x_wconf 86' lang='lat' dir='ltr'><strong>turpia</strong></span> <span class='ocrx_word' id='word_1_122' title='bbox 429 1399 602 1448; x_wconf 83' lang='lat' dir='ltr'><strong>factaoratione</strong></span> <span class='ocrx_word' id='word_1_123' title='bbox 613 1406 698 1463; x_wconf 75' lang='lat' dir='ltr'><strong>tegant.</strong></span> <span class='ocrx_word' id='word_1_124' title='bbox 730 1398 820 1461; x_wconf 81' lang='lat' dir='ltr'>Neque</span> 
     </span>
     <span class='ocr_line' id='line_1_19' title="bbox 146 1464 823 1528; baseline -0.004 -15"><span class='ocrx_word' id='word_1_125' title='bbox 146 1465 223 1513; x_wconf 80' lang='lat' dir='ltr'>literas</span> <span class='ocrx_word' id='word_1_126' title='bbox 235 1465 331 1513; x_wconf 71' lang='lat' dir='ltr'><strong>Graecas</strong></span> <span class='ocrx_word' id='word_1_127' title='bbox 350 1465 431 1512; x_wconf 85' lang='lat' dir='ltr'><strong>didici:</strong></span> <span class='ocrx_word' id='word_1_128' title='bbox 449 1480 529 1527; x_wconf 86' lang='lat' dir='ltr'><strong>parum</strong></span> <span class='ocrx_word' id='word_1_129' title='bbox 546 1465 648 1528; x_wconf 73' lang='lat' dir='ltr'><strong>placebat</strong></span> <span class='ocrx_word' id='word_1_130' title='bbox 664 1479 702 1513; x_wconf 78' lang='lat' dir='ltr'><strong>eas</strong></span> <span class='ocrx_word' id='word_1_131' title='bbox 718 1464 823 1521; x_wconf 65' lang='lat' dir='ltr'><strong>discere·</strong></span> 
     </span>
     <span class='ocr_line' id='line_1_20' title="bbox 147 1529 818 1593; baseline 0.001 -16"><span class='ocrx_word' id='word_1_132' title='bbox 147 1532 230 1593; x_wconf 84' lang='lat' dir='ltr'><strong>quippe</strong></span> <span class='ocrx_word' id='word_1_133' title='bbox 248 1546 300 1593; x_wconf 82' lang='lat' dir='ltr'><strong>quoe</strong></span> <span class='ocrx_word' id='word_1_134' title='bbox 310 1531 338 1577; x_wconf 85' lang='lat' dir='ltr'><strong>ad</strong></span> <span class='ocrx_word' id='word_1_135' title='bbox 349 1532 456 1578; x_wconf 83' lang='lat' dir='ltr'><strong>virtutem</strong></span> <span class='ocrx_word' id='word_1_136' title='bbox 467 1530 596 1578; x_wconf 84' lang='lat' dir='ltr'><strong>doctoribus</strong></span> <span class='ocrx_word' id='word_1_137' title='bbox 607 1530 663 1577; x_wconf 89' lang='lat' dir='ltr'><strong>nibil</strong></span> <span class='ocrx_word' id='word_1_138' title='bbox 672 1529 818 1592; x_wconf 79' lang='lat' dir='ltr'>prosuerunt.</span> 
     </span>
     <span class='ocr_line' id='line_1_21' title="bbox 148 1595 820 1657; baseline 0.001 -15"><span class='ocrx_word' id='word_1_139' title='bbox 148 1596 183 1642; x_wconf 82' lang='lat' dir='ltr'><strong>At</strong></span> <span class='ocrx_word' id='word_1_140' title='bbox 192 1596 231 1643; x_wconf 87' lang='lat' dir='ltr'><strong>illa</strong></span> <span class='ocrx_word' id='word_1_141' title='bbox 241 1597 314 1643; x_wconf 87' lang='lat' dir='ltr'><strong>multo</strong></span> <span class='ocrx_word' id='word_1_142' title='bbox 325 1604 418 1657; x_wconf 88' lang='lat' dir='ltr'><strong>optuma</strong></span> <span class='ocrx_word' id='word_1_143' title='bbox 431 1595 560 1657; x_wconf 80' lang='lat' dir='ltr'><strong>reipublicae</strong></span> <span class='ocrx_word' id='word_1_144' title='bbox 577 1596 656 1642; x_wconf 79' lang='lat' dir='ltr'><strong>doctus</strong></span> <span class='ocrx_word' id='word_1_145' title='bbox 674 1610 738 1642; x_wconf 81' lang='lat' dir='ltr'><strong>sum:</strong></span> <span class='ocrx_word' id='word_1_146' title='bbox 761 1596 820 1643; x_wconf 85' lang='lat' dir='ltr'><strong>bos·</strong></span> 
     </span>
     <span class='ocr_line' id='line_1_22' title="bbox 146 1659 820 1722; baseline 0 -16"><span class='ocrx_word' id='word_1_147' title='bbox 146 1668 193 1708; x_wconf 87' lang='lat' dir='ltr'><strong>tem</strong></span> <span class='ocrx_word' id='word_1_148' title='bbox 204 1659 277 1713; x_wconf 85' lang='lat' dir='ltr'><strong>ferire,</strong></span> <span class='ocrx_word' id='word_1_149' title='bbox 289 1661 393 1722; x_wconf 68' lang='lat' dir='ltr'><strong>praesidis</strong></span> <span class='ocrx_word' id='word_1_150' title='bbox 402 1661 504 1722; x_wconf 74' lang='lat' dir='ltr'><strong>agitare3</strong></span> <span class='ocrx_word' id='word_1_151' title='bbox 521 1660 578 1707; x_wconf 86' lang='lat' dir='ltr'><strong>nihil</strong></span> <span class='ocrx_word' id='word_1_152' title='bbox 587 1670 694 1714; x_wconf 82' lang='lat' dir='ltr'><strong>metuere,</strong></span> <span class='ocrx_word' id='word_1_153' title='bbox 713 1659 756 1706; x_wconf 89' lang='lat' dir='ltr'><strong>nisi</strong></span> <span class='ocrx_word' id='word_1_154' title='bbox 768 1671 820 1718; x_wconf 54' lang='lat' dir='ltr'><strong>tur,-</strong></span> 
     </span>
     <span class='ocr_line' id='line_1_23' title="bbox 146 1724 819 1788; baseline 0 -16"><span class='ocrx_word' id='word_1_155' title='bbox 146 1740 198 1788; x_wconf 90' lang='lat' dir='ltr'><strong>pem</strong></span> <span class='ocrx_word' id='word_1_156' title='bbox 210 1724 307 1782; x_wconf 80' lang='lat' dir='ltr'><strong>faruam3</strong></span> <span class='ocrx_word' id='word_1_157' title='bbox 324 1727 421 1772; x_wconf 79' lang='lat' dir='ltr'>hiemem</span> <span class='ocrx_word' id='word_1_158' title='bbox 439 1732 463 1772; x_wconf 86' lang='lat' dir='ltr'><strong>et</strong></span> <span class='ocrx_word' id='word_1_159' title='bbox 480 1732 583 1774; x_wconf 79' lang='lat' dir='ltr'><strong>aestatem</strong></span> <span class='ocrx_word' id='word_1_160' title='bbox 594 1727 662 1788; x_wconf 72' lang='lat' dir='ltr'><strong>Juxta</strong></span> <span class='ocrx_word' id='word_1_161' title='bbox 671 1724 733 1786; x_wconf 79' lang='lat' dir='ltr'><strong>prti3</strong></span> <span class='ocrx_word' id='word_1_162' title='bbox 752 1725 819 1772; x_wconf 89' lang='lat' dir='ltr'><strong>humi</strong></span> 
     </span>
     <span class='ocr_line' id='line_1_24' title="bbox 146 1790 819 1852; baseline 0.001 -16"><span class='ocrx_word' id='word_1_163' title='bbox 146 1790 302 1849; x_wconf 80' lang='lat' dir='ltr'><strong>requiescere3</strong></span> <span class='ocrx_word' id='word_1_164' title='bbox 319 1790 398 1836; x_wconf 85' lang='lat' dir='ltr'><strong>eodem</strong></span> <span class='ocrx_word' id='word_1_165' title='bbox 413 1797 516 1852; x_wconf 77' lang='lat' dir='ltr'><strong>tempore</strong></span> <span class='ocrx_word' id='word_1_166' title='bbox 526 1790 624 1851; x_wconf 86' lang='lat' dir='ltr'><strong>inopiam</strong></span> <span class='ocrx_word' id='word_1_167' title='bbox 635 1798 659 1836; x_wconf 84' lang='lat' dir='ltr'><strong>et</strong></span> <span class='ocrx_word' id='word_1_168' title='bbox 668 1790 768 1836; x_wconf 84' lang='lat' dir='ltr'><strong>laborem</strong></span> <span class='ocrx_word' id='word_1_169' title='bbox 779 1797 819 1837; x_wconf 88' lang='lat' dir='ltr'><strong>to-</strong></span> 
     </span>
     <span class='ocr_line' id='line_1_25' title="bbox 146 1852 819 1918; baseline 0.001 -17"><span class='ocrx_word' id='word_1_170' title='bbox 146 1855 226 1901; x_wconf 67' lang='lat' dir='ltr'><strong>lerare.</strong></span> <span class='ocrx_word' id='word_1_171' title='bbox 257 1852 304 1900; x_wconf 89' lang='lat' dir='ltr'><strong>His</strong></span> <span class='ocrx_word' id='word_1_172' title='bbox 314 1869 359 1915; x_wconf 84' lang='lat' dir='ltr'><strong>ego</strong></span> <span class='ocrx_word' id='word_1_173' title='bbox 374 1856 495 1918; x_wconf 65' lang='lat' dir='ltr'><strong>preceptis</strong></span> <span class='ocrx_word' id='word_1_174' title='bbox 505 1855 589 1902; x_wconf 78' lang='lat' dir='ltr'>milites</span> <span class='ocrx_word' id='word_1_175' title='bbox 604 1855 722 1902; x_wconf 83' lang='lat' dir='ltr'><strong>hortabor:</strong></span> <span class='ocrx_word' id='word_1_176' title='bbox 741 1869 819 1915; x_wconf 79' lang='lat' dir='ltr'><strong>neque</strong></span> 
     </span>
     <span class='ocr_line' id='line_1_26' title="bbox 145 1919 819 1981; baseline 0.001 -15"><span class='ocrx_word' id='word_1_177' title='bbox 145 1920 198 1966; x_wconf 85' lang='lat' dir='ltr'><strong>illos</strong></span> <span class='ocrx_word' id='word_1_178' title='bbox 208 1925 269 1966; x_wconf 82' lang='lat' dir='ltr'><strong>arcte</strong></span> <span class='ocrx_word' id='word_1_179' title='bbox 280 1919 360 1972; x_wconf 82' lang='lat' dir='ltr'><strong>colam,</strong></span> <span class='ocrx_word' id='word_1_180' title='bbox 368 1921 541 1981; x_wconf 81' lang='lat' dir='ltr'><strong>meopulentsr;</strong></span> <span class='ocrx_word' id='word_1_181' title='bbox 554 1935 628 1980; x_wconf 85' lang='lat' dir='ltr'><strong>neque</strong></span> <span class='ocrx_word' id='word_1_182' title='bbox 637 1919 819 1981; x_wconf 72' lang='lat' dir='ltr'><strong>glorismmeam</strong></span> 
     </span>
     <span class='ocr_line' id='line_1_27' title="bbox 146 1983 819 2037; baseline 0 -5"><span class='ocrx_word' id='word_1_183' title='bbox 146 1984 244 2032; x_wconf 82' lang='lat' dir='ltr'><strong>laborem</strong></span> <span class='ocrx_word' id='word_1_184' title='bbox 255 1984 345 2030; x_wconf 88' lang='lat' dir='ltr'><strong>illorum</strong></span> <span class='ocrx_word' id='word_1_185' title='bbox 360 1983 447 2032; x_wconf 77' lang='lat' dir='ltr'><strong>faciam.</strong></span> <span class='ocrx_word' id='word_1_186' title='bbox 480 1983 536 2034; x_wconf 78' lang='lat' dir='ltr'><strong>Hoc</strong></span> <span class='ocrx_word' id='word_1_187' title='bbox 554 1991 590 2032; x_wconf 86' lang='lat' dir='ltr'><strong>est</strong></span> <span class='ocrx_word' id='word_1_188' title='bbox 608 1985 669 2037; x_wconf 81' lang='lat' dir='ltr'><strong>utile.</strong></span> <span class='ocrx_word' id='word_1_189' title='bbox 687 1985 731 2031; x_wconf 85' lang='lat' dir='ltr'><strong>boc</strong></span> <span class='ocrx_word' id='word_1_190' title='bbox 747 1984 819 2032; x_wconf 79' lang='lat' dir='ltr'><strong>civile</strong></span> 
     </span>
     <span class='ocr_line' id='line_1_28' title="bbox 146 2049 816 2112; baseline -0.003 -16"><span class='ocrx_word' id='word_1_191' title='bbox 146 2050 281 2112; x_wconf 74' lang='lat' dir='ltr'><strong>imperiumz</strong></span> <span class='ocrx_word' id='word_1_192' title='bbox 305 2064 402 2111; x_wconf 85' lang='lat' dir='ltr'><strong>namque</strong></span> <span class='ocrx_word' id='word_1_193' title='bbox 418 2065 471 2100; x_wconf 77' lang='lat' dir='ltr'><strong>eum</strong></span> <span class='ocrx_word' id='word_1_194' title='bbox 490 2056 540 2098; x_wconf 80' lang='lat' dir='ltr'><strong>rute</strong></span> <span class='ocrx_word' id='word_1_195' title='bbox 557 2065 599 2112; x_wconf 84' lang='lat' dir='ltr'><strong>per</strong></span> <span class='ocrx_word' id='word_1_196' title='bbox 613 2049 730 2095; x_wconf 85' lang='lat' dir='ltr'><strong>mollitiem</strong></span> <span class='ocrx_word' id='word_1_197' title='bbox 748 2064 816 2112; x_wconf 78' lang='lat' dir='ltr'><strong>agas,</strong></span> 
     </span>
     <span class='ocr_line' id='line_1_29' title="bbox 145 2114 817 2177; baseline 0.003 -16"><span class='ocrx_word' id='word_1_198' title='bbox 145 2115 270 2162; x_wconf 83' lang='lat' dir='ltr'><strong>exercitum</strong></span> <span class='ocrx_word' id='word_1_199' title='bbox 288 2115 396 2177; x_wconf 85' lang='lat' dir='ltr'><strong>supplicio</strong></span> <span class='ocrx_word' id='word_1_200' title='bbox 413 2130 503 2176; x_wconf 79' lang='lat' dir='ltr'><strong>cogere,</strong></span> <span class='ocrx_word' id='word_1_201' title='bbox 521 2114 545 2162; x_wconf 81' lang='lat' dir='ltr'><strong>id</strong></span> <span class='ocrx_word' id='word_1_202' title='bbox 562 2121 605 2169; x_wconf 79' lang='lat' dir='ltr'><strong>est,</strong></span> <span class='ocrx_word' id='word_1_203' title='bbox 623 2114 747 2167; x_wconf 86' lang='lat' dir='ltr'><strong>dominum,</strong></span> <span class='ocrx_word' id='word_1_204' title='bbox 767 2129 817 2163; x_wconf 87' lang='lat' dir='ltr'><strong>nou</strong></span> 
     </span>
     <span class='ocr_line' id='line_1_30' title="bbox 146 2178 818 2241; baseline 0.001 -16"><span class='ocrx_word' id='word_1_205' title='bbox 146 2178 304 2241; x_wconf 80' lang='lat' dir='ltr'><strong>imperatorem</strong></span> <span class='ocrx_word' id='word_1_206' title='bbox 321 2195 379 2228; x_wconf 83' lang='lat' dir='ltr'><strong>esse.</strong></span> <span class='ocrx_word' id='word_1_207' title='bbox 413 2178 475 2227; x_wconf 87' lang='lat' dir='ltr'><strong>Haeo</strong></span> <span class='ocrx_word' id='word_1_208' title='bbox 492 2186 560 2241; x_wconf 84' lang='lat' dir='ltr'><strong>atque</strong></span> <span class='ocrx_word' id='word_1_209' title='bbox 574 2179 629 2227; x_wconf 84' lang='lat' dir='ltr'><strong>talia</strong></span> <span class='ocrx_word' id='word_1_210' title='bbox 639 2179 734 2241; x_wconf 80' lang='lat' dir='ltr'><strong>majores</strong></span> <span class='ocrx_word' id='word_1_211' title='bbox 745 2181 818 2227; x_wconf 78' lang='lat' dir='ltr'><strong>vestri</strong></span> 
     </span>
     <span class='ocr_line' id='line_1_31' title="bbox 145 2241 828 2307; baseline 0.004 -17"><span class='ocrx_word' id='word_1_212' title='bbox 145 2243 251 2292; x_wconf 78' lang='lat' dir='ltr'><strong>faciundo</strong></span> <span class='ocrx_word' id='word_1_213' title='bbox 262 2260 331 2306; x_wconf 81' lang='lat' dir='ltr'><strong>seque</strong></span> <span class='ocrx_word' id='word_1_214' title='bbox 347 2260 441 2307; x_wconf 86' lang='lat' dir='ltr'><strong>remque</strong></span> <span class='ocrx_word' id='word_1_215' title='bbox 458 2245 570 2306; x_wconf 80' lang='lat' dir='ltr'><strong>publicam</strong></span> <span class='ocrx_word' id='word_1_216' title='bbox 587 2241 744 2293; x_wconf 69' lang='lat' dir='ltr'><strong>celebravirez</strong></span> <span class='ocrx_word' id='word_1_217' title='bbox 762 2242 828 2305; x_wconf 86' lang='lat' dir='ltr'><strong>quis·</strong></span> 
     </span>
     <span class='ocr_line' id='line_1_32' title="bbox 147 2307 817 2371; baseline 0.006 -18"><span class='ocrx_word' id='word_1_218' title='bbox 147 2309 252 2357; x_wconf 80' lang='lat' dir='ltr'><strong>nobilitas</strong></span> <span class='ocrx_word' id='word_1_219' title='bbox 267 2308 331 2363; x_wconf 84' lang='lat' dir='ltr'><strong>freta,</strong></span> <span class='ocrx_word' id='word_1_220' title='bbox 348 2310 398 2371; x_wconf 89' lang='lat' dir='ltr'><strong>ipsa</strong></span> <span class='ocrx_word' id='word_1_221' title='bbox 412 2310 527 2357; x_wconf 84' lang='lat' dir='ltr'><strong>dissimilis</strong></span> <span class='ocrx_word' id='word_1_222' title='bbox 542 2310 647 2363; x_wconf 85' lang='lat' dir='ltr'><strong>moribus,</strong></span> <span class='ocrx_word' id='word_1_223' title='bbox 665 2323 708 2355; x_wconf 87' lang='lat' dir='ltr'><strong>nos</strong></span> <span class='ocrx_word' id='word_1_224' title='bbox 723 2307 817 2356; x_wconf 89' lang='lat' dir='ltr'><strong>illorum</strong></span> 
     </span>
     <span class='ocr_line' id='line_1_33' title="bbox 148 2372 817 2432; baseline 0.004 -15"><span class='ocrx_word' id='word_1_225' title='bbox 148 2372 244 2419; x_wconf 85' lang='lat' dir='ltr'><strong>aemulos</strong></span> <span class='ocrx_word' id='word_1_226' title='bbox 260 2375 398 2432; x_wconf 83' lang='lat' dir='ltr'><strong>contemnit;</strong></span> <span class='ocrx_word' id='word_1_227' title='bbox 415 2380 440 2420; x_wconf 87' lang='lat' dir='ltr'><strong>et</strong></span> <span class='ocrx_word' id='word_1_228' title='bbox 456 2375 530 2421; x_wconf 88' lang='lat' dir='ltr'><strong>omnis</strong></span> <span class='ocrx_word' id='word_1_229' title='bbox 540 2375 638 2421; x_wconf 82' lang='lat' dir='ltr'><strong>honores</strong></span> <span class='ocrx_word' id='word_1_230' title='bbox 648 2388 695 2421; x_wconf 85' lang='lat' dir='ltr'><strong>nou</strong></span> <span class='ocrx_word' id='word_1_231' title='bbox 705 2387 736 2420; x_wconf 85' lang='lat' dir='ltr'><strong>ex</strong></span> <span class='ocrx_word' id='word_1_232' title='bbox 746 2375 817 2420; x_wconf 87' lang='lat' dir='ltr'><strong>meri-</strong></span> 
     </span>
    </p>
   </div>
   <div class='ocr_carea' id='block_1_5' title="bbox 146 2436 818 2767">
    <p class='ocr_par' dir='ltr' id='par_1_5' title="bbox 146 2436 818 2767">
     <span class='ocr_line' id='line_1_34' title="bbox 147 2436 817 2501; baseline 0.004 -19"><span class='ocrx_word' id='word_1_233' title='bbox 147 2443 181 2490; x_wconf 86' lang='lat' dir='ltr'><strong>to,</strong></span> <span class='ocrx_word' id='word_1_234' title='bbox 194 2437 234 2484; x_wconf 81' lang='lat' dir='ltr'><strong>sed</strong></span> <span class='ocrx_word' id='word_1_235' title='bbox 243 2439 306 2497; x_wconf 86' lang='lat' dir='ltr'><strong>quasi</strong></span> <span class='ocrx_word' id='word_1_236' title='bbox 317 2439 410 2493; x_wconf 87' lang='lat' dir='ltr'><strong>debitos,</strong></span> <span class='ocrx_word' id='word_1_237' title='bbox 422 2453 436 2486; x_wconf 91' lang='lat' dir='ltr'><strong>a</strong></span> <span class='ocrx_word' id='word_1_238' title='bbox 447 2439 512 2486; x_wconf 86' lang='lat' dir='ltr'><strong>vobis</strong></span> <span class='ocrx_word' id='word_1_239' title='bbox 523 2439 611 2501; x_wconf 82' lang='lat' dir='ltr'><strong>repetit.</strong></span> <span class='ocrx_word' id='word_1_240' title='bbox 645 2436 762 2487; x_wconf 75' lang='lat' dir='ltr'><strong>caeoerum</strong></span> <span class='ocrx_word' id='word_1_241' title='bbox 773 2439 817 2485; x_wconf 89' lang='lat' dir='ltr'><strong>bo-</strong></span> 
     </span>
     <span class='ocr_line' id='line_1_35' title="bbox 148 2502 817 2565; baseline 0.006 -19"><span class='ocrx_word' id='word_1_242' title='bbox 148 2502 222 2547; x_wconf 86' lang='lat' dir='ltr'><strong>mines</strong></span> <span class='ocrx_word' id='word_1_243' title='bbox 237 2503 396 2563; x_wconf 80' lang='lat' dir='ltr'><strong>superbissumi</strong></span> <span class='ocrx_word' id='word_1_244' title='bbox 413 2503 492 2564; x_wconf 82' lang='lat' dir='ltr'><strong>procul</strong></span> <span class='ocrx_word' id='word_1_245' title='bbox 508 2511 591 2550; x_wconf 72' lang='lat' dir='ltr'><strong>errant.</strong></span> <span class='ocrx_word' id='word_1_246' title='bbox 623 2502 726 2565; x_wconf 71' lang='lat' dir='ltr'><strong>Maiores</strong></span> <span class='ocrx_word' id='word_1_247' title='bbox 732 2517 817 2551; x_wconf 72' lang='lat' dir='ltr'><strong>sorum</strong></span> 
     </span>
     <span class='ocr_line' id='line_1_36' title="bbox 148 2566 816 2629; baseline 0.003 -18"><span class='ocrx_word' id='word_1_248' title='bbox 148 2566 232 2617; x_wconf 82' lang='lat' dir='ltr'><strong>omnia,</strong></span> <span class='ocrx_word' id='word_1_249' title='bbox 243 2580 295 2626; x_wconf 86' lang='lat' dir='ltr'><strong>quae</strong></span> <span class='ocrx_word' id='word_1_250' title='bbox 305 2566 392 2620; x_wconf 78' lang='lat' dir='ltr'><strong>licebat,</strong></span> <span class='ocrx_word' id='word_1_251' title='bbox 404 2567 448 2614; x_wconf 88' lang='lat' dir='ltr'><strong>illis</strong></span> <span class='ocrx_word' id='word_1_252' title='bbox 458 2566 575 2629; x_wconf 61' lang='lat' dir='ltr'><strong>reliqubre,</strong></span> <span class='ocrx_word' id='word_1_253' title='bbox 587 2567 683 2621; x_wconf 83' lang='lat' dir='ltr'><strong>divitias,</strong></span> <span class='ocrx_word' id='word_1_254' title='bbox 694 2567 816 2629; x_wconf 79' lang='lat' dir='ltr'><strong>imagines,</strong></span> 
     </span>
     <span class='ocr_line' id='line_1_37' title="bbox 146 2630 815 2693; baseline 0.006 -20"><span class='ocrx_word' id='word_1_255' title='bbox 146 2630 279 2676; x_wconf 82' lang='lat' dir='ltr'><strong>memoriam</strong></span> <span class='ocrx_word' id='word_1_256' title='bbox 291 2631 325 2676; x_wconf 89' lang='lat' dir='ltr'><strong>sui</strong></span> <span class='ocrx_word' id='word_1_257' title='bbox 335 2632 481 2693; x_wconf 80' lang='lat' dir='ltr'><strong>praeclaram:</strong></span> <span class='ocrx_word' id='word_1_258' title='bbox 499 2634 607 2681; x_wconf 79' lang='lat' dir='ltr'><strong>virtutem</strong></span> <span class='ocrx_word' id='word_1_259' title='bbox 624 2647 672 2679; x_wconf 88' lang='lat' dir='ltr'><strong>non</strong></span> <span class='ocrx_word' id='word_1_260' title='bbox 689 2630 815 2692; x_wconf 56' lang='lat' dir='ltr'><strong>reliquium</strong></span> 
     </span>
     <span class='ocr_line' id='line_1_38' title="bbox 146 2696 818 2767; baseline 0.006 -25"><span class='ocrx_word' id='word_1_261' title='bbox 146 2701 351 2758; x_wconf 71' lang='lat' dir='ltr'><strong>aequepoterantz</strong></span> <span class='ocrx_word' id='word_1_262' title='bbox 370 2711 406 2745; x_wconf 80' lang='lat' dir='ltr'><strong>ea·</strong></span> <span class='ocrx_word' id='word_1_263' title='bbox 416 2697 465 2748; x_wconf 79' lang='lat' dir='ltr'><strong>sols</strong></span> <span class='ocrx_word' id='word_1_264' title='bbox 481 2711 555 2767; x_wconf 71' lang='lat' dir='ltr'><strong>noque</strong></span> <span class='ocrx_word' id='word_1_265' title='bbox 573 2698 639 2747; x_wconf 82' lang='lat' dir='ltr'><strong>datur</strong></span> <span class='ocrx_word' id='word_1_266' title='bbox 655 2696 731 2752; x_wconf 66' lang='lat' dir='ltr'><strong>dono,⁴</strong></span> <span class='ocrx_word' id='word_1_267' title='bbox 741 2711 818 2759; x_wconf 72' lang='lat' dir='ltr'><strong>usqua</strong></span> 
     </span>
    </p>
   </div>
   <div class='ocr_carea' id='block_1_6' title="bbox 0 0 904 2942">
    <p class='ocr_par' dir='ltr' id='par_1_6' title="bbox 0 0 904 2942">
     <span class='ocr_line' id='line_1_39' title="bbox 0 0 904 2942; baseline 0 0"><span class='ocrx_word' id='word_1_268' title='bbox 0 0 904 2942; x_wconf 95' lang='lat' dir='ltr'><strong> </strong></span> 
     </span>
    </p>
   </div>
  </div>
 </body>
</html>
