1800 2942
159 179 210 223 840
272 171 411 225 Jus‘rml
427 169 615 221 Lnxxvm.
631 170 725 223 (itai.

160 311 238 352 tunntn
246 303 326 353 tulin.
358 302 436 351 Nemo
446 304 529 365 quippe
538 304 561 349 in
572 304 620 350 acie
631 304 699 351 saluti
709 301 826 367 pepercit:

159 370 223 417 nulla
232 371 339 418 amineum
349 372 471 432 conjugem
485 367 560 415 flevit:
574 367 671 415 filiorum
682 379 782 416 mortem
794 386 829 418 aa·

160 448 201 482 nea
210 434 348 492 hudabant3
364 434 464 496 putribus
479 435 502 479 in
521 433 569 479 acie
583 435 649 480 caesia
667 432 708 479 tilii
726 435 827 496 gratula-

159 498 256 546 bunturr
275 514 339 547 auam
355 500 427 545 vicem
438 512 518 544 omnen
535 497 646 552 dolebant,
670 501 732 559 quud
748 515 794 546 uon
805 509 827 546 et

159 564 203 625 ipni
212 579 254 627 pro
263 565 342 626 patriae
352 564 454 610 libertate
461 562 601 609 cecidissent.
636 562 772 610 Patentibui
779 580 826 611 om·

160 642 202 675 nea
219 628 321 676 domibus
331 629 419 675 naucioa
429 628 579 689 excipiebant,
595 628 690 674 vulnera
701 630 824 685 curabant;

159 693 231 741 lueto·
241 692 377 741 reficiebant.
395 690 461 739 Inter
468 693 517 738 haee
526 692 600 738 nullus
610 692 633 737 in
645 694 702 738 urbe
712 694 825 755 strepitus,
893 740 894 759 ,

160 757 222 804 nulla
232 759 364 819 trepidatio:
383 758 456 819 magia
466 772 546 803 omnen
555 755 667 818 publicam
677 774 747 817 quarn
756 761 826 820 priua·
893 761 894 784 ³

160 828 207 868 tam
216 820 330 869 fortunam
341 823 457 884 lugebant.
468 872 472 880 ι
489 819 554 867 inter
569 822 618 867 haec
630 820 773 870 Cleomenes
784 836 826 878 rex,

159 893 211 948 port
221 886 304 933 multas
314 888 413 932 hortium
424 886 506 940 caedea,
518 886 570 933 toto'
577 885 680 949 corpore,
693 903 737 933 auo
749 885 827 949 puriter

160 960 183 997 et
194 952 292 998 hortium
303 966 383 998 cruore
393 952 494 1005 medena,
507 952 651 1013 superveni13
668 952 828 1014 ingressusque

159 1016 243 1070 urbem,
252 1031 299 1062 nou
309 1016 371 1062 humi
382 1017 492 1070 consedit,
503 1031 548 1063 non
559 1016 687 1063 cibum'aut
698 1029 780 1078 potum
790 1033 827 1080 po·

159 1080 238 1142 poscit,
251 1096 297 1127 non
308 1081 404 1142 deniqne
414 1096 527 1127 armorum
539 1096 597 1127 onus
607 1081 728 1142 deposuit,
741 1084 782 1130 aed
792 1097 828 1128 ac·

157 1146 225 1192 clinia
235 1147 380 1209 parietinum
392 1154 488 1207 quatuor
495 1146 566 1192 millia
573 1146 621 1192 sola
628 1161 657 1192 ex
665 1146 746 1208 pugni
756 1163 829 1210 auper-

158 1209 229 1258 fuitne
240 1212 400 1273 conupexiaaet,
413 1212 522 1265 hortatur,
537 1220 563 1257 ut
573 1226 597 1256 ee
607 1211 636 1256 ad
647 1213 747 1258 meliora
759 1216 829 1275 reipu-

159 1277 225 1324 blicae
232 1283 333 1339 tempora
339 1285 487 1323 reservarent
520 1274 588 1330 Tum,
595 1290 647 1322 curn
656 1279 761 1339 conjuge
770 1287 795 1325 et
803 1277 829 1323 li·

159 1341 224 1396 beria,
236 1341 365 1404 AEgyptum
373 1342 401 1388 ad
413 1339 745 1402 Ptolemaeumproficiscitu13
763 1358 778 1388 a
788 1358 830 1403 quo

160 1405 282 1453 honorifice
293 1412 418 1466 susceptus,
435 1406 474 1451 diu
491 1407 513 1451 in
526 1404 615 1452 summi
625 1405 761 1467 dignatione
773 1401 830 1468 regia

159 1471 224 1517 vixit.
256 1469 383 1525 Postremo,
392 1480 444 1533 post
454 1468 572 1517 Ptolemaei
583 1481 689 1522 mortem,
702 1486 716 1516 a
727 1470 776 1518 filio
784 1475 830 1533 ejus

159 1533 516 1583 eumomnifamiiiiiuteriicitur.
533 1535 831 1595 Antigorrusuutem,caeaia

160 1600 276 1647 occidione
287 1601 408 1663 Spartanis,
424 1600 538 1645 fortunam
548 1608 619 1645 tantae
630 1599 692 1644 urbis
704 1602 830 1656 miseratus,

159 1679 174 1710 a
184 1665 308 1728 direptione
319 1664 401 1711 milites
412 1664 536 1726 prohibuit;
548 1664 681 1724 veniamque
693 1664 736 1719 hia,
746 1666 787 1725 qui
793 1681 830 1712 su·

158 1728 294 1790 perfuerant,
306 1729 373 1782 dedit,
385 1728 498 1790 praetiitua,
506 1728 589 1774 bellum
598 1743 623 1773 se
633 1743 685 1773 cum
697 1728 830 1785 Cleomene,

124 1807 126 1810 ·
157 1807 203 1839 non
215 1806 266 1839 cum
278 1793 400 1854 Spartanis,
420 1792 529 1845 habuisse,
547 1794 611 1853 cujus
627 1792 683 1853 fugi
703 1796 781 1840 omnis
794 1795 826 1842 ira

158 1858 207 1920 ejus
222 1854 286 1903 finite
302 1858 345 1904 ait:
366 1872 409 1903 nec
424 1858 506 1903 minori
517 1857 557 1902 sibi
572 1856 652 1917 gloriae
662 1856 720 1911 iore,
733 1860 753 1903 ai
764 1860 792 1905 ab
802 1874 829 1906 eo

160 1929 249 1969 servata
259 1919 418 1974 Lacedaemon,
430 1937 444 1968 a
455 1937 500 1982 quo
508 1921 557 1967 solo
567 1930 632 1981 capta
639 1921 676 1973 sit,
687 1922 829 1982 proderetur·

159 1986 256 2034 Parcere
266 1985 335 2047 igitur
345 2000 370 2032 ae
380 1987 429 2032 eolo
441 1988 501 2032 urbis
512 2001 538 2032 ac
549 1986 620 2039 tectis,
638 1987 748 2045 quoniam
759 1989 830 2035 homi·

158 2067 207 2106 nee,
218 2051 297 2112 quibua
307 2059 415 2113 parceret,
431 2066 479 2096 non
489 2049 659 2111 superfuissent.
693 2050 748 2098 Nec
759 2053 830 2100 multo

119 2140 122 2148 ,
157 2122 210 2179 post
217 2116 265 2178 ipae
271 2116 372 2173 decedit,
384 2130 524 2178 regnumque
533 2114 636 2177 Philippo
645 2115 743 2177 pupillo,
755 2131 829 2168 annot

158 2180 325 2243 quatuordecim
338 2189 399 2236 nato,
411 2180 508 2246 tradidit.
