1800 2942
240 151 377 234 rus'rurr
393 179 489 231 narn
507 182 617 233 enarr.
714 183 760 231 1⁷⁵

92 313 162 377 gatis,
174 313 246 361 ituros
262 312 434 368 Lacedaemona,
451 314 490 372 qni
501 312 567 361 deed
582 313 762 374 reparitercum

92 380 140 426 illis
162 378 289 425 consulant
330 378 369 426 sie
391 378 501 425 dimissis
516 378 638 440 Spartanis,
657 379 773 423 hortatur>

93 460 155 498 suos,
168 459 225 505 opus
235 451 355 490 maturent.
387 442 451 490 Dein
470 444 518 505 ipse
533 444 651 504 interjecto
662 449 762 504 tempore

92 510 118 556 in
128 508 266 570 legationem
284 507 447 570 proficiscitur3
464 517 488 555 et
498 509 593 555 nuncin
603 508 684 555 itinere
698 505 761 553 infir·

92 574 174 621 mitate
193 572 303 627 simulati,
320 588 382 622 nuno
400 574 527 621 tarditatem
542 573 679 635 collegarum
695 587 762 623 aecu-

92 653 153 694 sans‚
167 639 306 699 sinequibus
324 639 363 700 agi
377 639 429 700 jure
447 639 504 685 nihil
522 640 599 701 possit,
616 638 676 685 diem
687 638 715 684 de
726 637 762 683 die

90 702 235 767 proferendo,
254 704 349 765 spatium
365 704 542 750 consummando
561 703 623 765 operi
632 704 760 764 quaerehatr

92 783 146 815 cum
156 767 247 814 interim
256 769 371 815 nuntiatur
383 768 504 830 Spartanis,
515 783 572 830 opus
587 767 763 816 Atheniensium

91 833 217 891 maturari3
235 840 325 894 propter
335 833 396 893 quod
405 833 479 881 denuo
486 832 576 895 legatos
585 833 678 880 mittunt
688 834 717 881 ad
727 834 763 881 iu-

27 950 30 955 ,
92 897 231 960 spiciendam
248 912 304 944 rem.
344 896 405 944 Turn
427 897 592 946 Themistocles
610 912 651 959 per
671 913 762 945 serrum

91 962 262 1025 magistratibus
272 962 349 1009 scribit
359 959 541 1020 Atheniensium,
557 963 646 1027 legatos
655 963 762 1020 vinciant,

45 1071 48 1076 .
91 1027 222 1090 pignusque
248 1033 348 1083 teneant,
370 1042 400 1075 ne
420 1029 444 1074 in
467 1044 492 1075 se
510 1028 603 1090 gravius
625 1028 763 1078 consulatur.

92 1092 160 1140 Adiit
170 1091 251 1139 deinde
269 1093 401 1139 concionem
420 1092 661 1150 lacedaemoniorum
679 1093 763 1142 indicat

91 1156 232 1219 permunitrs
251 1157 355 1204 Athenas
372 1172 428 1212 esse,
437 1145 463 1204 et
474 1173 540 1219 posse
553 1158 602 1218 jam
618 1157 705 1204 illatum
716 1158 763 1205 bel-

92 1223 149 1277 lurn,
161 1236 208 1268 non
216 1223 286 1269 armis
296 1229 392 1277 tantum,
408 1223 447 1269 sed
461 1223 529 1268 etiam
540 1222 616 1275 muris,
634 1223 760 1270 sustinere:

92 1287 113 1334 si
124 1287 178 1349 qnid
188 1287 217 1333 ob
228 1302 278 1334 eam
285 1302 332 1334 rem
344 1288 373 1334 de
381 1302 405 1333 se
413 1286 525 1333 crudelius
532 1294 664 1343 statuerent,
675 1287 763 1348 legatos

92 1367 173 1399 eorum
192 1351 217 1398 in
239 1352 282 1398 hoe
297 1352 381 1413 pignus
400 1352 498 1399 Athenis
517 1357 623 1397 retentos.
656 1351 763 1399 Graviter

92 1416 175 1465 deinde
185 1417 282 1479 castigat
301 1433 346 1472 eos,
363 1418 423 1478 quod
434 1432 481 1464 non
492 1417 581 1471 virtute,
597 1415 636 1462 sed
647 1415 763 1462 imbecilli-

25 1529 29 1536 ,
92 1490 140 1530 tate
151 1482 271 1536 sociorum,
289 1485 412 1544 potentiam
432 1490 566 1542 quererent.
600 1480 638 1526 sie
649 1480 760 1536 dimissus,

91 1547 165 1593 veluti
184 1546 326 1608 triumphatis
356 1546 478 1610 Spartanis,
498 1561 512 1592 a
533 1545 618 1593 civibus
644 1546 763 1607 excipitur.

93 1611 153 1659 Post
163 1612 214 1658 haeo
225 1612 334 1673 Spartani,
347 1627 376 1658 ne
388 1612 447 1658 vires
458 1611 505 1658 otio
516 1617 690 1672 corrumperent,
702 1618 726 1657 et
736 1618 763 1657 ut
800 1609 805 1622 ¹

91 1677 129 1724 bis
146 1676 234 1723 illatum
250 1690 264 1723 a
280 1675 356 1723 Persis
376 1677 475 1724 Graeeiae
490 1676 573 1723 bellurn
595 1675 762 1732 ulciscerentur,
807 1681 810 1685 '

92 1742 155 1788 ultro
165 1739 222 1787 fines
241 1756 320 1787 eorum
331 1741 501 1803 depopulantur.
533 1740 625 1788 Ducem
637 1756 678 1787 suo
689 1741 762 1788 socio-

92 1821 190 1867 rumque
198 1805 305 1853 exereitui
314 1806 416 1868 deligunt
424 1806 565 1861 Pausaniam,
574 1806 620 1867 qui,
624 1822 666 1868 pro
674 1806 763 1862 ducatu,

91 1885 191 1933 regnum
204 1869 302 1918 Graeeiae
313 1870 426 1925 ademeris,
438 1871 570 1933 proditionis
579 1872 698 1934 premium
711 1886 764 1918 cum

92 1935 182 1990 Xerxe,
194 1935 283 1998 nuptias
293 1934 347 1983 filiae
358 1937 406 1998 ejus
416 1937 542 1997 paciscitur,
559 1936 651 1983 redditis
661 1936 763 1998 captivis,

92 2008 120 2048 ut
130 1999 186 2047 fides
197 2001 257 2063 regis
268 2000 342 2061 aliquo
360 2000 468 2048 beneficio
483 2002 666 2064 obstringeretur.
701 2000 764 2047 Scri-

90 2066 126 2113 bit
138 2071 247 2128 praeterea
258 2064 338 2120 Xerxi,
351 2081 504 2128 quoscumque
514 2067 542 2113 ad
554 2083 578 2113 se
588 2065 680 2112 nuntios
690 2066 765 2113 misis-

92 2137 136 2185 set,
148 2129 298 2188 interficeret3
317 2146 346 2177 ne
364 2146 400 2178 res
411 2131 545 2192 loquacitate
555 2132 671 2177 hominum
682 2130 764 2191 prode·

91 2203 162 2243 retur.
188 2195 234 2243 Sed
244 2195 290 2242 dux
302 2195 476 2243 Atheniensium
488 2195 607 2249 Aristides,
618 2194 669 2241 belli
682 2196 764 2251 socius,

91 2260 190 2323 collegae
209 2260 325 2307 conatibus
344 2261 432 2308 obviam
451 2261 532 2315 eundo,
550 2260 657 2306 simulet
675 2259 698 2310 in
715 2276 764 2308 rem

93 2326 371 2437 §pienterleonsuletndm
390 2325 523 2435 proditiopps
542 2324 765 2436 consiliaddiscussit.

120 2405 147 2437 ec
169 2398 242 2436 muto
284 2405 309 2437 os
347 2398 465 2437 aecusatus
508 2404 611 2437 ausanras
653 2398 765 2438 amuatur.

91 2452 170 2517 Igitur
189 2407 288 2507 Xerxed,
307 2470 360 2501 cum
378 2454 510 2516 proditionis
529 2454 604 2501 dolum
626 2453 763 2517 publicatum

91 2519 187 2575 videret,
199 2533 229 2565 ex
239 2520 330 2581 integro
348 2519 430 2566 bellum
448 2518 552 2567 instituit
587 2519 663 2568 Graeci
675 2534 765 2579 quoque

93 2585 175 2632 ducem
203 2584 344 2631 constituunt
371 2581 468 2632 Cimona
495 2585 665 2637 Atheniensem,
692 2582 764 2629 filium

92 2649 214 2705 Miltiadis,
223 2664 269 2710 quo
280 2649 337 2697 duce
345 2649 403 2711 apud
414 2648 575 2696 Marathonem
583 2654 707 2711 pugnatum
719 2654 762 2704 est,

87 2716 207 2779 juvenem,
220 2715 284 2778 cujus
294 2715 473 2780 magnitudinem
488 2714 586 2763 futuram
598 2712 687 2778 pietatis
694 2711 763 2760 docu-
