1800 2942
215 179 352 237 JUSTINI
367 179 529 233 Lnxvnt
546 181 643 234 Cane.
709 190 759 239 289

93 316 134 378 qai
149 321 244 378 pasarat,
261 329 324 377 segre
338 312 759 376 preobusmatrisetDeorumminis

94 382 177 437 vietus,
196 380 294 441 quievit:
318 381 355 426 oui
374 393 426 425 num
443 378 544 440 inspirati
562 386 627 426 vates
644 390 783 438 canerent>

94 460 143 492 non
158 447 250 507 impune
259 443 363 498 laturum,
380 443 399 489 si
413 443 553 490 incramenta
566 443 626 490 urbis
640 451 690 492 toto
704 446 759 497 orbe

94 510 281 572 auspicatissimae
291 504 467 569 interpellissat5
484 509 528 554 boo
538 507 605 555 modo
616 509 711 570 spatium
722 526 760 559 re·

94 573 194 637 spirandi
203 572 340 635 fugientibus
350 572 434 619 datum.
466 569 548 632 Itaque
557 571 639 630 Elissa,
650 573 724 622 delata
732 577 758 624 iu

94 637 182 686 Africae
195 639 277 692 sinum,
292 636 378 683 insulas
387 636 433 683 ioci
446 636 502 699 ejus,
517 636 616 684 adventu
626 640 758 701 peregrino-

93 718 153 758 rum,
177 710 349 761 mutuarasoque
371 714 446 747 renim
469 703 603 749 commercio
624 703 757 765 mucimus,

94 767 119 814 in
132 767 254 814 amicitiam
270 766 386 813 sollicitat:
405 764 486 812 deinde
500 776 561 813 emto
571 766 629 823 loeo,
645 768 684 829 qui
694 770 761 823 corio

92 833 158 880 bovis
174 832 222 894 tagi
237 836 320 892 posset,
336 831 361 876 in
377 845 422 891 quo
437 829 511 878 fessos
527 828 597 893 longi
612 832 759 895 navigatione

93 896 175 950 socios,
191 896 265 957 quoad
274 893 459 958 proficisceretur,
475 893 567 943 reficere
575 904 659 958 posset,
670 897 759 949 eonium.

93 961 119 1008 in
134 960 277 1008 tenuissimas
292 967 368 1022 partes
384 959 455 1006 secani
466 960 540 1021 jobet
555 968 623 1022 atque
637 962 670 1009 ita
684 964 759 1027 majas

92 1025 138 1073 ioci
155 1025 258 1087 spatium
274 1039 341 1086 quam
356 1024 458 1086 petierat,
473 1030 581 1085 oooupat:
600 1025 660 1073 unde
677 1035 758 1090 postas

94 1089 186 1138 eiloco
201 1088 285 1150 Byrsae
300 1103 384 1135 nomen
402 1087 452 1136 fuit.
485 1086 658 1154 confluentibus
677 1091 758 1141 deindo

93 1154 176 1202 vioinis
191 1154 299 1208 locorum,
315 1154 354 1214 qui
368 1166 409 1214 spa
422 1152 480 1201 lacni
493 1152 566 1199 multa
578 1153 701 1214 hospitibus
714 1172 757 1206 ve·

94 1218 155 1267 nsiia
170 1216 309 1274 inferebant3
325 1216 434 1276 sedeque
448 1217 479 1262 ibi
493 1217 648 1271 statuentibus,
665 1233 695 1266 ex
708 1220 757 1269 fre·

93 1280 188 1345 qiientii
196 1281 313 1327 bominum
326 1281 389 1327 velut
403 1281 475 1327 instar
488 1280 585 1327 civitatis
597 1280 703 1329 effectum
713 1292 759 1334 eat.

93 1346 240 1396 Utioensium
259 1359 348 1404 quoque
362 1345 432 1406 legati
451 1345 518 1401 dona,
535 1351 560 1391 ut
576 1346 762 1409 consanguineis,

93 1411 233 1467 attulerant3
256 1409 382 1469 hortatique
400 1415 460 1464 sunt,
481 1410 558 1457 urbem
577 1410 607 1456 ibi
626 1411 760 1471 conderent,

92 1477 132 1525 ubi
142 1476 207 1522 sedes
217 1474 291 1521 sortiti
300 1481 382 1520 “sent
415 1474 461 1520 Sed
475 1482 498 1520 et
512 1472 583 1521 Afros
593 1475 706 1522 detinendi
716 1478 759 1525 ad.

91 1555 164 1589 venas
175 1554 238 1587 amor
244 1538 320 1599 copis
352 1535 439 1598 Itaque,
448 1538 638 1586 consentientibus
645 1541 759 1596 omnibus,

94 1604 212 1666 Carthago
222 1602 331 1655 conditur,
347 1609 432 1649 statuto
441 1616 518 1648 annuo
532 1603 637 1663 vectigali
652 1619 692 1665 pro
706 1605 758 1654 solo

92 1670 163 1719 urbis.
193 1667 223 1714 In
233 1666 311 1729 primis
320 1665 472 1713 fundamentis
481 1672 550 1727 eaput
559 1666 664 1715 bubulum
675 1668 757 1723 inven-

92 1744 145 1783 tum
160 1739 210 1788 est;
226 1731 286 1793 qnod
302 1731 424 1792 auspicium
438 1730 528 1791 quidem
542 1730 663 1781 fructuosae
680 1741 754 1790 terrae,

93 1799 136 1848 sod
145 1798 269 1850 laboriosae‚
280 1803 433 1857 perpetuoque
442 1809 515 1843 servae
523 1795 582 1844 urbis
589 1795 645 1846 fuit:
664 1807 756 1862 propter

92 1863 156 1925 quod
174 1862 199 1908 in
217 1861 285 1908 alium
301 1861 376 1907 locum
394 1861 447 1906 urbs
465 1860 579 1909 translata.
611 1859 647 1910 lbi
665 1879 757 1926 quoque

93 1928 147 1990 equi
157 1934 224 1988 oaput
236 1933 354 1987 repertum,
370 1924 500 1971 bellicum
510 1933 670 1990 potentemque
682 1944 755 1991 popu·

92 1994 144 2041 lum
154 1990 254 2038 futurum
266 1988 400 2052 significans,
417 1990 466 2036 urbi
478 1991 612 2052 auspicatam
628 1993 704 2040 sedem
714 1993 755 2040 de·

93 2058 136 2105 dit.
167 2054 235 2103 Tunc
246 2055 274 2101 sd
284 2055 412 2116 opinionem
423 2069 491 2102 novae
500 2055 561 2102 urbis
572 2057 757 2106 concurrentibus

92 2120 208 2187 gentibus,
218 2119 280 2167 brevi
290 2129 314 2166 et
323 2118 426 2181 populus,
436 2126 462 2165 et
471 2119 551 2166 civitas
561 2135 644 2182 magna
652 2119 719 2169 faeta.

128 2183 174 2232 VI.
191 2182 252 2234 Cum
270 2198 375 2231 successu
394 2198 469 2230 rerum
486 2182 592 2230 florentes
612 2182 757 2248 Carthaginis

90 2266 149 2315 opes
155 2256 238 2304 essent,
250 2262 291 2296 rex
301 2246 569 2324 Montanorum-Iarbas,
580 2248 657 2295 decem
669 2249 756 2299 Poeno.

91 2330 147 2429 ai
158 2313 333 2426 {iiim
344 2310 603 2441 &miii
614 2321 703 2442 ibi-‘1¹12
716 2318 759 2428 ’ἐξ

90 2445 155 2493 ferre
171 2448 306 2499 metuentes,
324 2441 413 2490 Panion
428 2456 480 2489 cum
499 2438 527 2488 si
543 2441 636 2505 ingenio
654 2453 757 2507 egerunt,

92 2508 233 2563 nuntiantes,
248 2511 264 2537 ⁴⁴
276 2523 353 2570 regem
368 2507 465 2569 aliquem
480 2520 583 2568 msere,
598 2508 637 2568 qui
652 2508 759 2556 cultiores

92 2574 239 2627 vicissem,
256 2571 370 2633 Afrosque
380 2572 513 2634 perdoceam
532 2571 571 2619 sed
585 2586 651 2632 quem
662 2574 759 2620 inveniri

93 2651 170 2700 posse,
193 2637 230 2699 qui
241 2638 278 2685 *sd
296 2638 400 2687 barbatos
418 2635 556 2687 etzferarum
576 2646 639 2685 more
656 2636 759 2686 viventes

493 2702 552 2755 20,
