1800 2942
390 485 575 553 JUSTINI

172 671 457 732 HISTORIARUM
478 670 819 733 PHILIPPICARUM
897 730 898 737 ,

243 848 350 898 nisan
366 849 528 900 uncrinus
545 824 726 899 snnrruns'.
818 849 821 857 ·

183 1125 204 1174 Ι.
228 1126 357 1175 Persidem
379 1127 450 1175 ferme
472 1137 560 1190 tempus
581 1126 604 1172 in
628 1125 775 1190 Hellesponti
797 1133 822 1174 et

151 1188 287 1240 Chersonesi
310 1195 438 1255 regionibus
460 1200 526 1240 terrae
548 1199 623 1239 motus
643 1190 700 1238 fuit:
720 1196 821 1239 maxime

150 1264 226 1304 tamen
237 1257 381 1318 Lysimachia
392 1259 450 1312 urbs,
464 1265 516 1304 ante
527 1256 583 1304 duos
594 1263 617 1302 et
628 1256 709 1318 viginti
722 1272 821 1304 annosa

150 1319 288 1382 Lysimacho
299 1338 353 1385 rege
363 1324 460 1378 condita,
477 1337 556 1368 eversa
572 1327 613 1368 est.
647 1320 717 1375 Quod
727 1330 821 1384 porten-

150 1394 200 1432 tum
211 1389 258 1434 dira
270 1387 406 1448 Lysimacho
417 1388 523 1448 stirpique
534 1387 589 1448 ejus,
609 1401 634 1432 ac
646 1386 709 1448 regni
722 1387 820 1440 ruinam,

151 1466 203 1497 curn
217 1452 280 1498 clade
296 1462 425 1499 vexatarum
443 1453 568 1513 regionum,
581 1452 734 1512 portendebat.
767 1450 821 1497 Nec

149 1518 244 1563 ostentis
254 1517 309 1563 fides
319 1516 404 1564 defuit:
423 1532 475 1563 uam
486 1517 548 1562 brevi
565 1522 616 1578 post
633 1523 735 1577 tempore
751 1513 819 1578 Aga·

149 1581 240 1627 thocien
251 1583 321 1628 fllium
333 1598 405 1635 suum,
418 1591 484 1643 q'uern
496 1583 519 1627 in
531 1581 695 1627 successionem
704 1581 770 1642 regni
783 1595 820 1626 or-

148 1645 270 1699 dinaverat,
289 1663 328 1708 per
344 1662 410 1708 quem
427 1646 499 1692 multa
515 1645 573 1692 belle
587 1660 693 1708 prospere
709 1651 819 1707 gesserat,

149 1723 195 1754 non
218 1711 289 1755 solnm
309 1711 367 1757 ultra
388 1713 492 1774 patrium,
512 1725 591 1757 verum
609 1712 676 1756 etiam
693 1711 818 1755 humanum

148 1773 304 1819 ultramorem
315 1791 415 1837 perosus,
433 1774 536 1822 ministris
547 1775 645 1821 Arsinoe
656 1772 762 1829 novercd,
777 1789 818 1820 ve·
897 1822 898 1825 ,

149 1853 209 1885 neno
228 1838 345 1885 interfecit.
378 1839 439 1886 Haec
450 1841 482 1886 illi
492 1841 563 1902 prima
577 1839 628 1886 mali
641 1840 709 1893 labes,
724 1840 767 1885 hoc
782 1838 818 1883 in-

148 1903 213 1950 itium
225 1903 372 1964 impendentis
381 1906 451 1951 ruinae
461 1904 511 1952 fult.
536 1903 596 1950 Nam
604 1904 746 1966 parricidium
755 1904 817 1965 prin·

149 1970 224 2031 cipum
236 1976 320 2014 secutae
337 1969 411 2015 caedes
422 1978 481 2024 suut,
500 1970 609 2015 luentium
625 1968 738 2031 supplicia,
757 1967 818 2028 quod

150 2035 249 2081 occisum
264 2034 372 2094 juvenem
388 2034 499 2081 dolebant
531 2032 610 2093 Itaque
622 2034 685 2086 ethi,
699 2033 737 2093 qui
748 2032 817 2079 caerli·

148 2098 190 2145 hus
201 2098 361 2162 superfuerant,
373 2100 432 2152 ethi,
444 2101 483 2159 qui
494 2099 627 2145 exercitibus
638 2104 756 2159 preerant,
767 2112 818 2143 cer-

149 2164 213 2209 tatim
231 2164 258 2209 ad
276 2164 394 2210 Seleucum
412 2163 533 2219 deficiunt;
551 2177 652 2223 eumque,
664 2177 760 2224 pronum
767 2162 816 2224 jam

151 2241 180 2272 ex
200 2228 342 2275 aemulatione
363 2230 449 2290 gloriae,
470 2227 552 2274 bellum
573 2226 712 2288 Lysimacho
734 2226 817 2272 inferre

150 2293 295 2352 compellunt.
328 2293 440 2340 Ultimum
455 2293 498 2340 hoc
513 2298 625 2338 certamen
637 2291 816 2338 commilitonum
897 2298 898 2303 ’

64 2361 69 2373 '
150 2356 274 2402 Alexandri
292 2357 343 2412 fuit,
359 2365 388 2413 et,
406 2358 468 2404 velut
484 2358 512 2403 ad
522 2357 649 2418 exemplum
660 2355 766 2410 inmuose,
777 2370 817 2417 par

150 2429 296 2468 reservatum.
334 2421 483 2483 Lysimachus
510 2429 606 2481 quatuor
629 2429 653 2467 et
674 2415 817 2483 septuaginta

149 2499 221 2530 annos
238 2494 304 2532 natus
319 2498 380 2543 erat;
399 2487 505 2532 Seleucus
525 2495 611 2548 septem
627 2493 650 2531 et
667 2485 818 2547 septuaginta.

151 2549 196 2597 Sed
209 2550 234 2595 in
246 2551 287 2595 hac
298 2558 364 2596 aetate
374 2552 462 2610 utrique
477 2552 544 2597 animi
556 2549 670 2614 juveniles
686 2557 758 2604 erant,
775 2551 817 2595 inr-

151 2615 251 2675 periique
262 2614 404 2676 cupiditatem
420 2615 566 2662 insatiabilem
584 2615 707 2677 gerebant:
727 2615 815 2676 quippe,
897 2628 898 2635 ¹

152 2693 204 2732 cum
216 2680 291 2726 orbem
302 2686 410 2726 terrarum
421 2679 466 2728 duo
477 2680 518 2726 soli
536 2685 645 2734 tenerent,
663 2679 768 2742 augustis
778 2678 819 2725 sibi
897 2688 898 2695 ¹
