1800 2942
134 148 182 194 172
278 142 417 197 JUSTlNI
433 144 486 195 Lis.
497 143 531 195 II.
549 145 657 197 Cam.

132 275 187 338 igne
197 282 320 339 grmaatur.
352 274 459 339 Namque
470 276 629 332 Athenienses,
640 284 693 339 post
703 292 807 342 pugnam

132 339 307 395 Marathonian,
328 341 494 405 (praemonente
511 341 806 399 Themistocle,victoriam

132 406 195 453 illam
210 407 238 453 de
250 404 332 460 Persis,
349 406 481 460 nminem,
493 407 533 453 sed
543 419 633 454 cansam
644 409 738 470 majoris
752 409 807 458 belli

131 469 192 531 sore)
215 471 323 517 ducentas
349 486 419 520 naves
443 470 613 519 fabricaverant
656 473 809 521 Adventante

132 536 203 599 igitur
220 534 306 589 Xerxe,
327 536 495 584 consulentibus
511 535 609 599 Delphis
631 538 749 584 oraculum
770 554 823 586 rev

175 614 241 647 nsum
255 599 335 657 fuerat,
347 601 464 648 “sulutem
479 602 549 648 muris
564 601 647 662 ligneis
662 601 807 650 tuerentur.”

171 665 298 713 emistocles
305 667 396 712 navium
407 666 536 727 praesidium
547 666 727 714 demonstratum
736 675 807 723 ratus,

132 730 253 792 persuadet
263 731 373 787 omnibns,
384 732 479 793 patriam
489 732 613 793 municipes
620 746 677 786 esse
690 747 738 779 non
747 747 806 780 moe-

133 794 186 852 nia3
204 795 362 856 civitatemque
381 809 427 842 non
445 796 469 842 ln
487 794 592 850 oedlficiis,
610 796 650 843 sed
672 797 696 842 in
718 797 808 844 civibus

133 860 238 923 positam.
269 860 356 907 Melius
366 861 441 920 itaque
452 860 547 907 salutem
562 861 662 915 namins,
674 876 743 922 quam
756 862 807 909 urbi

133 925 300 972 commissuros
334 923 412 987 Hujus
423 926 541 973 sententiae
551 925 618 972 etiam
632 924 712 972 Deum
725 934 805 974 aucto·

133 1003 183 1037 aem
204 1003 260 1036 esse.
293 988 392 1036 Probato
414 990 517 1047 consilio,
540 991 650 1052 conjuges
668 990 804 1052 liberosque,

134 1068 186 1101 cum
196 1054 362 1115 pretiosissimis
373 1055 445 1108 rebus,
464 1055 544 1101 abditis
554 1054 640 1108 insulis,
652 1054 731 1102 relicti
743 1057 805 1111 urbe,

133 1117 283 1176 denraudsnt3
300 1119 342 1181 ipsi
354 1134 423 1168 naves
434 1121 513 1166 armati
524 1120 687 1167 conscendunt.
714 1119 805 1167 Exem-

133 1183 196 1247 plum
210 1183 382 1231 Atheniensium
394 1191 417 1231 et
435 1185 486 1231 aliae
504 1185 570 1232 urbes
588 1185 690 1231 imitatae.
723 1183 807 1247 Itaque

132 1262 185 1294 cum
204 1249 302 1296 adunata
317 1250 391 1296 omnis
407 1250 518 1296 sociorum
536 1250 620 1303 classis.
638 1257 661 1296 et
677 1250 766 1297 intenta
781 1252 805 1300 in

132 1313 215 1376 bellum
235 1314 315 1362 navale
333 1321 407 1372 essct3
425 1315 586 1376 angustiasque
605 1314 722 1361 Salaminii
743 1314 804 1371 freti,

132 1392 163 1425 ne
182 1379 338 1427 circumveniri
354 1394 368 1426 a
385 1379 529 1426 multitudine
545 1387 628 1441 posset,
647 1377 805 1442 occupdssent,

132 1443 243 1492 dissensio
251 1446 309 1492 inter
319 1444 444 1491 civitatium
460 1444 573 1505 principes
587 1443 673 1491 oritur:
693 1445 806 1505 quicum,

133 1509 222 1558 deserto
240 1510 306 1563 bello,
324 1510 352 1556 ad
368 1524 409 1556 sua
425 1509 509 1556 tuenda
525 1491 591 1556 dinii
610 1509 702 1564 vellent,
721 1510 806 1558 timens

133 1571 305 1629 Themistocles,
325 1590 355 1622 ne
369 1574 469 1621 discessu
480 1574 591 1620 sociorum
603 1575 664 1621 vires
674 1574 806 1622 minueren-

133 1644 178 1695 tur,
194 1655 234 1702 per
248 1654 338 1686 servum
355 1637 423 1685 fidum
443 1637 518 1685 Xerxi
537 1639 631 1693 nuntiat,
648 1652 694 1685 uno
711 1640 736 1685 in
753 1640 807 1686 loco

134 1718 186 1751 eum
207 1711 343 1751 contractam
365 1704 479 1751 Graeclam
501 1718 580 1765 capere
600 1702 707 1750 facillime
728 1719 805 1766 posse.

134 1767 204 1823 Qirod
215 1770 234 1815 si
244 1769 352 1824 civitates,
363 1784 416 1829 quae
421 1770 470 1831 Jam
481 1768 542 1814 abire
551 1767 643 1822 vellent,
659 1768 806 1830 dissipentur,

133 1833 218 1910 majore
233 1833 310 1880 labore
325 1834 345 1880 ei
362 1834 463 1896 singulus
479 1833 647 1879 consectandas.
679 1831 736 1909 Idne
752 1835 806 1881 dolo

133 1898 597 2026 :inliditurinliditur
615 1897 807 2011 gffisffi

133 2036 261 2091 capessunt.
293 2026 384 2076 Interea
394 2044 441 2085 rex,
453 2029 515 2076 velut
526 2035 638 2091 spectator
647 2043 740 2089 pugne,
752 2045 805 2076 cum

132 2100 197 2156 parte
214 2094 305 2141 navium
322 2095 345 2141 in
364 2094 430 2140 litore
441 2102 550 2141 remanet.
581 2093 705 2140 Artemisia
719 2101 805 2150 autem,

133 2159 213 2219 regina
224 2158 385 2214 Halicarnassi,
396 2174 447 2220 quac
458 2160 481 2205 in
498 2158 605 2205 auxilium
617 2156 691 2204 Xerxi
701 2167 804 2213 venerat,

133 2222 194 2269 inter
204 2224 288 2286 primos
307 2225 375 2271 duces
393 2224 477 2270 bellum
494 2225 601 2270 acerrime
617 2223 702 2270 ciebat:
722 2224 807 2286 quippe

134 2294 161 2333 ut
171 2287 194 2333 in
206 2289 255 2335 viro
269 2290 399 2336 muliebrem
411 2289 522 2342 timorem,
532 2289 565 2334 its
574 2288 599 2334 in
609 2287 704 2345 muliere
714 2288 805 2337 virilem

133 2352 250 2400 audaciam
271 2369 382 2401 cerneres.
424 2352 485 2402 Cum
504 2367 586 2415 anceps
607 2352 713 2414 proelium
735 2363 805 2409 esset,

134 2414 213 2470 Iones,
235 2419 302 2480 Juxta
323 2424 461 2481 praeceptum
482 2416 651 2473 Tnemistoclis,
671 2433 759 2480 pugne
780 2433 807 2466 ae

133 2482 241 2544 paulatim
250 2484 378 2530 subtrahere
389 2489 521 2546 coeperunt:
541 2497 637 2543 quornm
648 2481 745 2530 defectio
757 2485 806 2530 ani·

134 2561 185 2593 mas
196 2553 328 2593 caeterorum
343 2546 418 2609 fregit,
451 2546 532 2608 Itaque
548 2547 754 2609 circumspicientes
769 2548 807 2595 fu·
819 2585 827 2608 ⁴.

134 2625 188 2674 gam
199 2610 312 2675 pelluntur
323 2610 408 2670 Persae,
422 2620 446 2659 et
457 2627 511 2659 mox
521 2612 602 2675 proelio
618 2612 679 2672 victi,
689 2612 714 2660 in
725 2612 806 2678 fugam
