1800 2942
136 147 184 198 lv
329 140 605 192 commonitum
625 147 635 181 '-

137 287 190 319 oum
200 271 292 324 civibus,
300 269 364 318 ,sumt
374 279 397 318 et
407 271 505 318 fortunis
514 271 609 333 integer,
625 285 687 332 agas,
708 272 732 320 id
743 272 808 327 dona,
827 300 832 309 ·

137 337 203 387 datur
212 343 279 397 atque
289 337 402 399 accipitur.
419 335 531 384 Consules
541 351 583 382 non
593 334 684 388 fecistis,
695 335 805 392 Quirites,
828 366 831 371 ·

138 401 199 448 domi
209 401 304 462 bellique
314 400 490 463 impeditissuma
505 397 631 461 republicd3
648 415 746 461 namque
761 406 804 448 inr-

136 473 251 529 pemtores
267 465 386 528 Hispaniae
402 465 544 526 stipendium,
562 465 651 518 milites,
670 479 739 519 amna,
757 465 805 515 fru-

137 538 238 578 mentum
259 538 371 592 poscunt;
386 538 411 576 ct
420 531 443 577 id
454 545 489 576 res
506 530 583 591 cogit3
599 530 714 590 qnoniam,
730 530 805 578 defec-

138 595 201 642 tione
219 596 337 648 sociorum‚
350 604 375 641 et
385 595 478 642 Sertorii
494 595 634 656 permontis
650 591 713 656 fugi,
732 610 806 657 neque
830 609 837 615 ·

139 674 208 706 manu
219 670 305 707 certare
314 668 415 722 possunt,
428 675 500 720 neque
511 659 574 705 utilia
591 674 675 720 parare
709 659 806 707 Exerci-

139 732 178 772 tus
195 724 219 770 in
238 722 296 771 nuit
313 722 436 785 Ciliciique
454 725 482 770 ob
500 724 580 770 nimias
595 739 650 785 opes
666 724 807 773 Mithridatio

140 789 243 836 aluntur:
263 788 399 836 Macedonia
413 789 480 851 plena
496 788 594 835 hostium
612 796 659 835 estz
679 804 722 836 nec
734 791 808 837 minus

141 850 214 900 Italiae
230 853 354 907 marituma,
364 860 388 899 et
397 853 576 914 provinciarum
593 868 643 899 cum
652 854 744 900 interim
755 870 807 913 vecq

140 917 218 979 tigalm
229 933 305 978 parva,
321 925 345 965 et
354 918 418 964 bellis
434 919 526 971 incerta,
543 918 583 963 vix
593 926 679 979 pnrtem
691 927 806 966 sumtuum

143 983 269 1029 sustinent:
289 983 320 1028 ita
331 983 408 1036 classe,
429 998 480 1043 quae
492 990 629 1030 commeatus
641 985 753 1038 tuebatur,
765 985 807 1030 mi-

78 1071 85 1078 -
143 1062 199 1094 nore
209 1062 276 1108 quam
287 1052 340 1092 ante
350 1047 492 1108 navigamus.
524 1045 584 1094 Haec
596 1049 615 1094 si
622 1047 675 1095 dolo
683 1055 724 1095 aut
732 1064 806 1096 secor·

141 1109 178 1159 did
188 1109 265 1158 nostri
275 1118 390 1157 contracta
405 1118 465 1166 sunt,
483 1111 516 1158 uti
526 1120 605 1159 monet
614 1112 654 1166 irc„
672 1114 805 1175 supplicium

142 1177 237 1224 sumite:
257 1177 292 1223 sin
309 1177 434 1224 communia
449 1176 540 1224 fortuna
555 1178 654 1238 asperior
672 1184 725 1235 θεῖς
739 1193 807 1240 quase

140 1242 233 1304 indigna
242 1242 313 1303 vobis,
326 1242 439 1302 nobisque,
458 1249 481 1288 et
491 1240 603 1302 republica
612 1242 730 1302 incipitis?
764 1244 806 1303 At·
830 1264 834 1269 ¹

140 1320 185 1368 que
195 1323 247 1369 ego,
258 1309 322 1368 quus
333 1307 394 1354 aetati
403 1322 465 1353 mors
476 1308 566 1368 propior
576 1313 618 1360 est,
636 1321 681 1353 non
694 1307 808 1370 deprecor,

142 1374 161 1419 si
172 1372 225 1432 quid
235 1369 262 1418 eia
273 1373 336 1420 vobis
346 1371 482 1419 incommodi
492 1371 604 1429 demitur;
622 1386 695 1432 neque
706 1387 763 1421 mox
773 1375 807 1420 in·

142 1438 211 1500 genui
234 1438 333 1498 corporis
350 1436 472 1489 honestius,
491 1450 558 1495 quam
577 1451 618 1498 pro
632 1434 709 1484 ventri
729 1439 808 1492 saline,

143 1503 210 1550 linem
230 1503 285 1549 vitae
300 1500 400 1548 fecerim.
431 1500 520 1547 Adsum
538 1515 567 1547 en
587 1498 696 1550 C.Cotta
712 1503 807 1561 consu13

141 1567 209 1625 facio,
220 1567 281 1629 quod
291 1581 351 1628 saepe
361 1567 457 1628 majores
465 1565 548 1627 asperis
555 1565 618 1613 bellis
627 1563 714 1624 iecere3
727 1582 810 1624 voveq

143 1633 245 1692 dedoque
255 1647 292 1678 me
302 1647 343 1693 pro
350 1627 467 1693 republicd,
474 1644 541 1690 quam
552 1629 632 1677 deinde
642 1631 679 1676 cui
687 1632 807 1688 mandetis,

143 1696 313 1756 circumspicite.
352 1694 414 1743 Nam
432 1694 500 1742 telem
523 1696 631 1742 honorem
650 1695 725 1742 bonus
742 1712 809 1745 nemo

141 1761 210 1814 volet,
227 1774 278 1806 cum
297 1759 402 1814 fortunae,
419 1767 442 1806 et
456 1760 531 1815 maris,
547 1766 571 1806 et
581 1760 637 1807 'belli
652 1760 680 1807 ab
692 1760 742 1808 aliia
758 1762 809 1815 acti,

142 1825 199 1872 ratio
217 1824 336 1878 reddunda,
356 1831 394 1871 aut
413 1824 666 1886 turpitermoriundum
683 1826 720 1872 sit.
746 1824 809 1874 Tnn-

142 1890 259 1938 tummodo
280 1889 304 1934 in
325 1889 406 1934 animis
431 1890 540 1943 habetote,
561 1904 607 1936 non
628 1904 666 1935 me
688 1891 717 1936 ob
736 1891 810 1938 scelus

142 1962 181 2002 aut
197 1953 313 2002 avaritiam
330 1967 421 2008 cesum,
441 1955 481 2000 sed
502 1954 616 2004 volentem
637 1970 678 2016 pro
697 1956 811 2003 maxumis

141 2018 255 2068 beneficiis
271 2018 368 2065 animam
380 2018 439 2065 dono
450 2018 546 2066 dedisse.
581 2016 627 2065 Per
638 2034 687 2074 vos,
700 2019 807 2075 Quirites,

142 2091 167 2133 et
183 2084 279 2146 gloriam
293 2084 410 2146 majorum,
430 2083 525 2140 tolerate
539 2082 641 2138 munros,
658 2090 681 2129 et
698 2086 810 2132 consulite

143 2149 277 2211 reipublicae.
308 2146 384 2195 Multa
395 2163 449 2194 oure
463 2163 552 2195 summo
562 2148 655 2210 imperio
666 2148 733 2203 inest,
744 2148 809 2197 multi

142 2216 247 2277 ingentes
256 2213 356 2260 labores:
375 2228 433 2275 quos
444 2213 591 2274 nequidquam
602 2213 705 2268 abnuitis,
717 2221 741 2262 et
749 2215 811 2276 pacis

143 2278 279 2340 opulentiam
290 2278 410 2339 -quaeritis;
427 2292 479 2325 cum
496 2293 575 2325 omnes
589 2278 718 2339 prouinciae,
731 2293 809 2343 regna,

142 2344 221 2401 maria,⁴
231 2350 348 2405 terraeque,
359 2357 443 2406 aspera,
455 2349 494 2390 sut
504 2339 564 2392 fesso
573 2343 638 2391 bellis
649 2343 701 2409 sint.
730 2371 733 2377 ‚

436 2506 508 2544 nmm-
