1800 2942
143 192 192 240 220
286 185 552 241 JUSTINI’Lutlx.
568 186 628 238 crs.
639 189 679 236 43

141 317 256 381 Scythium
266 317 316 368 fuit.
347 317 437 382 Viginti
453 318 524 366 millia
538 318 646 366 nobssium
662 331 769 380 equarum
779 318 807 367 ad

142 398 216 447 gersus
227 384 352 431 faciendum
363 384 386 429 in
398 383 557 432 Macedoniam
566 384 642 430 missa.

174 446 224 495 111.
239 449 284 496 Sed
303 449 423 495 revertenti
439 450 467 496 ab
484 446 577 510 scythii
594 446 687 494 Triballi
705 447 822 512 Philippo·

142 520 277 567 oeourrunt:
297 521 383 575 negant
400 528 425 560 se
441 515 560 561 transitum
577 513 676 566 daturos,
687 513 711 559 ni
722 514 807 574 portio-

42 631 46 636 ,
142 592 195 626 uem
206 578 314 640 accipiant
325 579 415 640 praedae.
448 576 512 625 Hine
527 578 636 640 jurgium,
648 585 809 639 etmoxproe·

141 642 197 690 lium
203 658 212 699 ;
228 643 252 688 in
264 657 308 702 quo
319 642 351 690 its
360 643 384 689 in
395 643 481 690 femore
491 643 622 690 vulneratus
633 650 668 688 est
685 641 809 704 Philippus,

142 713 168 752 ut
177 721 218 769 per
228 722 310 769 corpus
320 709 369 767 ejus
378 723 450 768 equus
460 707 628 755 interficeretur.
658 705 719 754 Cum
731 722 811 754 omnes

142 771 241 818 scorsum
255 780 366 833 putarent,
383 772 460 834 preda
479 774 560 819 amissa
571 780 613 819 est.
644 769 683 817 Ita
695 772 808 832 Scythica,

141 835 318 888 velutdevota.
340 837 411 898 spolia
431 851 497 897 paene
518 837 622 883 luctuosa
642 835 809 883 Macedonibus

140 896 211 947 lutire.
245 899 292 947 Ubi
309 916 363 947 vero
381 915 411 948 ex
421 902 515 948 vulnere
525 902 622 963 primurn
633 901 755 956 convaluit,
772 901 810 948 d'nr

141 964 305 1012 dissimulatum
321 965 402 1012 bellum
418 965 595 1013 Atheniensibus
613 965 695 1012 inferte
714 980 810 1026 quorum

141 1043 217 1076 cause
238 1028 341 1077 Thebani
360 1045 385 1077 se
401 1028 506 1092 junxere,
527 1040 660 1085 metuentes,
684 1045 720 1084 ne,
746 1030 811 1078 vietis

142 1093 326 1149 Atheniensibus,
342 1094 432 1148 bellum,
443 1095 513 1142 veluti
524 1096 623 1142 vicinum
634 1095 771 1151 incendium,
782 1095 812 1142 ad

141 1173 169 1206 se
183 1163 294 1208 transiret.
327 1158 399 1207 Facti
408 1161 479 1222 igitur
489 1162 548 1207 inter
558 1161 614 1206 duas
629 1160 696 1220 paulo
712 1168 766 1207 ante
775 1160 812 1206 in·

140 1222 274 1272 festissimas
291 1225 394 1272 civitates
404 1226 518 1279 societate,
534 1224 684 1287 legationibus
696 1225 812 1272 Graeciam

140 1287 252 1351 fatigann
269 1304 412 1337 sosnmunem
423 1290 511 1336 hostem
521 1297 602 1351 putant
609 1290 767 1336 communibus
778 1290 812 1335 vi-

142 1353 204 1400 ribus
215 1355 406 1402 submovendum:
427 1360 442 1383 “
450 1370 523 1415 neque
534 1355 594 1401 eninr
605 1362 745 1401 cessaturum
757 1353 814 1400 Phi·

141 1417 235 1480 lippum,
252 1421 271 1466 si
289 1435 395 1483 prospere
405 1419 478 1481 prima
488 1420 642 1474 successerint,
660 1420 705 1466 nisi
720 1432 812 1466 ornnem
852 1433 854 1442 ¹

143 1483 259 1531 Graeciam
267 1482 402 1532 domuerit.”
424 1483 500 1531 Motae
511 1484 613 1545 quaedanr
623 1484 728 1530 civitates
739 1482 814 1531 Athe-

142 1549 257 1597 niensr'bus
268 1550 413 1613 sejungunt:
433 1548 541 1608 quasdam
552 1555 628 1595 nutem
640 1549 668 1594 ad
679 1548 813 1610 Philippum

141 1613 194 1659 belli
212 1621 287 1661 metus
306 1615 381 1662 traxit.
417 1611 504 1660 Proelio
520 1614 647 1666 commisso,
666 1625 720 1659 eum
737 1613 814 1660 Athe-

143 1677 234 1723 nienses
251 1679 320 1740 longe
337 1680 421 1740 majore
439 1678 536 1724 militum
555 1692 650 1724 numero
669 1685 814 1739 praestarent,

141 1741 236 1788 assiduis
251 1743 316 1789 bellis
335 1740 436 1789 indurati
451 1743 535 1790 virtute
546 1741 700 1789 Macedonum
716 1743 816 1790 vincun-

142 1812 195 1854 tur:
215 1820 260 1852 non
280 1813 355 1853 tamen
374 1807 518 1854 immemores
537 1807 637 1868 pristinae
653 1806 735 1869 gloriae
753 1808 815 1854 ceei-

143 1867 211 1918 dere:
230 1871 314 1933 quippe
330 1871 430 1918 adversis
441 1872 577 1928 vulneribus,
589 1886 669 1919 ornnes
684 1872 744 1930 loca,
761 1887 815 1933 quae

142 1936 225 1983 tuenda
241 1951 255 1983 a
272 1936 365 1983 ducibus
385 1944 524 1996 acceperant,
542 1938 664 1983 morientes
683 1938 817 1999 corporibus

143 2007 255 2049 texerunt.
288 1999 337 2049 Hic
354 2001 402 2048 dies
420 2001 534 2049 unirersae
554 2002 652 2048 Graeeiae
674 2008 697 2048 et
716 2002 816 2064 gloriam

143 2066 307 2122 dominationis,
319 2073 342 2113 et
353 2066 528 2113 vetustissimam
539 2066 663 2116 libertatem
675 2065 758 2114 finivit.

101 2157 105 2174 r
175 2129 220 2181 lv.
239 2132 316 2195 Hujus
328 2131 430 2179 victoriae
440 2131 521 2178 callide
531 2130 670 2178 dissimulata
680 2131 761 2178 laetitia
772 2137 817 2179 est.

142 2193 250 2257 Denique
261 2212 306 2244 non
315 2197 381 2244 solita
391 2211 455 2244 asem
463 2194 580 2257 Philippus
588 2193 627 2242 illd
634 2195 670 2241 dio
677 2194 747 2243 feeit:
768 2211 817 2244 aon

143 2259 167 2306 in
179 2262 283 2308 convivio
298 2263 360 2310 risit:
381 2276 426 2308 non
444 2261 510 2307 ludos
527 2261 586 2307 inter
601 2260 679 2322 epulas
695 2262 813 2309 adhibuit:

142 2339 190 2371 non
204 2341 298 2373 corones
316 2334 356 2373 aut
374 2332 490 2389 unguenta
507 2325 599 2382 sumsit3
616 2333 646 2379 et,
661 2333 773 2385 quantum
792 2327 817 2372 in

141 2389 181 2436 illo
192 2387 242 2443 fuir,
259 2391 290 2437 itn
302 2391 361 2446 vicit,
380 2398 406 2437 ut
423 2392 532 2437 victorem
549 2405 616 2436 nemo
632 2390 735 2436 sentiret.
769 2390 818 2438 Sed

143 2469 186 2502 nec
202 2468 280 2515 regem
299 2470 324 2501 se
343 2456 448 2510 Graeciae,
467 2455 506 2501 sed
523 2455 610 2509 ducem,
625 2454 731 2515 appellari
737 2456 819 2517 J'ussit·

143 2520 222 2580 Atque
232 2519 264 2565 ita
275 2519 332 2565 inter
343 2521 433 2567 troium
449 2520 551 2566 laetitianr
562 2527 587 2565 et
596 2519 698 2566 dolorem
713 2520 817 2567 hostium

144 2583 283 2645 temperavit,
303 2590 329 2629 ut
348 2598 420 2644 neque
438 2584 498 2645 apud
516 2598 571 2630 suos
588 2580 720 2637 exsultasse,
740 2598 819 2645 neque

145 2649 204 2711 apud
230 2648 303 2695 victos
324 2647 444 2695 insultisse
465 2648 587 2695 videretur.
627 2647 817 2702 Atheniensibus,

138 2728 195 2776 quos
214 2728 293 2778 passus
311 2711 468 2762 insestlmimos
483 2712 565 2772 iuerat,
584 2719 608 2760 et
625 2713 727 2776 mptiros
743 2713 821 2775 grsu‘s
