1800 2942
175 153 208 200 st
406 149 612 202 'JUGURTHAE
731 149 796 204 Car.
807 154 849 205 592

172 282 218 344 pit.
245 280 280 329 At
290 281 370 338 nurui,
379 283 497 344 repentino
507 289 571 330 metu
581 282 685 345 perculsi,
696 284 737 331 ariri
748 285 850 347 quiaque

172 360 216 410 pro
225 347 323 393 moribus
332 347 466 396 consulunt:
485 348 522 394 alii
532 347 618 411 sugere,
629 348 667 396 alii
677 360 739 397 arma
750 364 844 412 cupere:

175 426 259 474 magna
269 426 321 473 pars
331 412 448 466 volnerati,
460 419 499 460 aut
510 414 586 460 omisi.
614 411 730 462 Caeterum
741 427 771 460 ex
783 415 848 462 omui

174 476 318 524 multitudiue
347 491 393 523 nou
425 478 520 541 amplius
546 478 701 541 quadraginta,
731 494 849 526 memores

174 542 273 588 nominis
284 541 388 596 Romani,
400 557 472 604 grege
488 543 554 596 iacto,
572 542 647 590 locum
663 541 751 605 cepere,
772 545 848 607 paulo,

175 620 243 667 quam
253 606 298 659 alii,
313 606 442 663 editiorem
461 622 533 668 neque
547 608 600 654 inde
613 608 719 655 maxumi
729 610 752 655 vi
764 610 849 672 depelli

171 671 295 731 quiverunt
301 688 310 728 ;
327 672 367 717 sed
377 670 422 718 tela
432 672 521 719 eminus
531 674 600 719 missa
611 674 732 728 remittere,
744 676 813 735 pauci
823 676 849 721 in

174 735 274 798 pluribus
285 736 361 782 minus
369 736 484 784 frustratis
503 737 538 783 sin
548 735 656 785 Numidoe
665 739 758 800 propius
769 755 849 787 acces·

175 801 265 855 sissent,
285 802 314 847 ibi
325 816 380 847 vero
391 802 499 848 virtutem
511 802 637 857 ostendere,
653 811 678 850 et
687 818 727 850 eos
738 803 850 851 maxumi

174 866 199 912 vi
210 866 302 920 caedere,
314 865 415 921 fundere,
425 874 494 927 atque
509 866 596 929 fugare.
627 864 723 915 Interim
735 868 851 916 Metellus

176 945 229 977 eum
247 946 362 978 acerrume
381 947 429 978 rem
443 940 540 994 gereret,
560 932 681 980 clamorem
698 934 807 981 hostilem
822 936 851 982 ab

175 1003 242 1057 tergo
263 990 439 1057 accepits'deim
462 1011 574 1044 convorso
593 1013 658 1057 equo,
680 999 851 1054 animadvortit,

175 1059 253 1121 sugam
265 1061 294 1107 ad
305 1075 330 1106 se
342 1076 431 1107 vorsum
442 1059 506 1108 fierit
526 1077 576 1123 quae
588 1078 624 1109 res
634 1063 745 1110 indicabat
754 1065 852 1127 popula·

176 1126 209 1171 ris
219 1140 278 1171 esse,
310 1123 385 1186 Igitur
392 1127 516 1186 equitatum
527 1141 618 1173 omnem
629 1128 658 1174 ad
668 1135 742 1175 eastra
752 1143 851 1193 propere

175 1189 255 1247 mittit,
266 1205 292 1236 ae
303 1191 380 1236 statim
399 1188 427 1239 C.
437 1190 538 1238 Marium
555 1206 607 1238 cum
627 1192 756 1239 cohortibus
774 1196 850 1241 socio·

78 1282 82 1295 ι
177 1269 228 1301 rum
235 1272 243 1312 ;
261 1270 358 1315 eumque
368 1255 495 1318 lacrymans
505 1272 545 1319 per
560 1256 680 1303 amicitiam
691 1271 778 1320 perque
790 1264 851 1306 reuu-⁴

177 1319 288 1381 publicam
302 1321 410 1376 obsecrat,
426 1335 456 1366 ue
472 1336 540 1381 quam
555 1322 712 1369 contumeliam
732 1337 851 1386 remanere

177 1385 201 1431 in
212 1386 313 1433 exercitu
324 1387 416 1441 victore,
427 1400 485 1432 neve
495 1387 567 1433 hostis
584 1387 668 1434 inuitos
687 1387 754 1442 abire,
775 1390 849 1436 sinat:

176 1449 287 1497 illebrevi
296 1451 400 1497 mandata
415 1450 490 1507 efficit·
522 1451 556 1498 At
567 1450 688 1514 iugurtha,
706 1453 852 1501 munimento
887 1460 890 1468 “

176 1522 301 1563 castrorum
310 1517 435 1578 impeditus,
444 1531 496 1562 cum
508 1516 545 1562 aiii
557 1531 624 1579 super
631 1516 714 1565 vellum
721 1520 852 1581 praecipita·

178 1587 263 1638 rentur,
272 1581 309 1627 alii
317 1582 340 1627 in
347 1581 458 1643 angustiis
469 1581 511 1642 ipsi
520 1581 561 1627 sibi
569 1588 714 1644 properantes
725 1581 852 1637 officerent,

178 1645 256 1691 multis
266 1646 359 1699 amissis,
371 1647 394 1692 in
406 1646 456 1692 loca
464 1647 552 1694 munite
561 1661 612 1693 sese
620 1646 711 1707 recepit
731 1645 852 1702 Meteilus,

177 1709 263 1755 iniecto
281 1711 380 1771 negotio,
395 1718 516 1772 postquam
527 1725 574 1758 nox
584 1711 666 1765 aderat,
678 1712 702 1757 in
713 1718 851 1760 castratum

178 1774 282 1820 exercitu
294 1776 422 1821 revortitur.

210 1833 281 1883 LIX.
298 1837 372 1900 Igitur
378 1846 468 1900 postero
476 1836 518 1896 die,
525 1841 588 1904 prius
598 1853 664 1903 quam
675 1841 704 1887 ad
714 1847 853 1903 oppuguaal

178 1902 231 1950 dum
242 1903 394 1965 egrederetur,
405 1906 530 1965 equitatum
549 1920 641 1953 omnem
650 1906 675 1951 in
686 1903 714 1951 eri
723 1914 795 1967 parte,
808 1905 853 1968 qud

178 1968 239 2030 regia
250 1968 361 2015 adventus
371 1978 427 2022 erat,
439 1985 481 2032 pro
492 1972 572 2018 eastris
581 1972 668 2033 agitare
675 1970 754 2033 jubet:
774 1980 853 2033 portas

177 2040 201 2079 et
212 2033 378 2095 proxumaloca
387 2035 482 2081 tribunis
489 2036 609 2097 dispertito
626 2035 707 2082 deiude
717 2036 768 2097 ipae
777 2037 855 2098 pergit

178 2098 207 2146 ad
218 2100 330 2162 oppidum,
342 2108 415 2161 atque,
427 2106 454 2147 ut
464 2102 580 2163 superiore
593 2101 638 2157 die,
655 2114 746 2147 murum
767 2115 853 2164 aggre-¹

178 2164 245 2211 ditur.
279 2163 373 2211 Interim
390 2163 507 2228 Jugurtha
517 2181 546 2212 ex
557 2165 646 2212 occulto
657 2174 749 2226 repente
761 2174 854 2212 nostros

177 2229 271 2276 invadit.
305 2228 352 2282 Qui
369 2231 393 2277 in
413 2231 517 2292 proximo
536 2230 603 2277 locati
621 2230 717 2283 fuerant,
737 2229 854 2292 paulisper

178 2294 248 2340 territi
260 2295 431 2357 perturbantur;
449 2295 528 2355 reliqui
540 2296 585 2341 cito
596 2295 739 2343 subveniunt.
769 2293 854 2356 Neque

179 2357 263 2404 diutius
285 2357 392 2406 Numidae
410 2361 514 2406 resistere
524 2360 656 2419 quivissent,
668 2359 691 2405 ni
702 2358 790 2421 pedites
801 2364 854 2406 eum

179 2423 291 2482 equitibus
312 2424 416 2484 permixti
438 2439 545 2487 magnam
568 2424 653 2471 cladem
678 2423 702 2469 in
726 2432 855 2485 congressu

176 2485 290 2534 iacerent:
314 2489 394 2548 quibus
407 2488 440 2533 illi
458 2487 519 2543 freti,
537 2504 592 2543 non,
609 2497 635 2535 ut
654 2488 753 2548 equestri
771 2488 855 2548 proelio

178 2550 244 2606 solet,
256 2551 326 2612 sequi,
345 2553 396 2598 dein
407 2552 501 2610 eedere3
520 2554 561 2601 sed
570 2553 671 2600 advorsis
680 2552 744 2614 equis
755 2560 855 2601 concur&

178 2630 235 2669 rere,
261 2617 376 2678 implicare
394 2632 421 2663 ae
437 2619 567 2679 perturbare
586 2618 672 2676 aciem
693 2617 725 2667 itu
742 2618 856 2680 expeditit

179 2680 291 2744 peditibus
301 2681 349 2731 suis
360 2682 432 2732 hostis
441 2697 508 2747 paene
517 2684 591 2733 victor
601 2683 663 2732 dare.
682 2732 686 2737 .
763 2704 767 2709 ’
