1800 2942
207 135 345 186 JUSTINI
361 135 414 185 Lus.
426 134 526 184 XVIII.
543 135 602 186 Car.
614 141 637 184 2.
705 140 753 185 285

88 264 220 316 uulneratus
235 274 277 322 est.
294 276 318 314 et
333 282 416 329 magna
431 281 483 329 pars
499 267 594 313 militum
611 267 660 328 eJus
675 281 750 325 caesa3

88 335 241 396 majoremque
256 333 351 394 gloriam
367 335 416 394 eJus
431 332 540 386 victoriae,
561 346 627 392 quam
640 332 749 386 laetitiam,

88 399 173 445 habuit
206 396 283 459 Hujus
293 412 377 459 pugnae
388 405 493 444 eventum
506 396 584 443 multae
597 396 699 443 civitates
714 411 750 442 se·

89 470 157 516 cutes,
169 462 259 522 Pyrrho
267 477 292 508 se
298 462 396 508 tradunt
424 460 488 507 Inter
496 468 589 507 caeteras
597 461 664 507 etiam
673 459 749 515 Locri,

88 527 179 589 prodito
195 527 299 589 praesidio
322 526 434 581 Romano,
456 527 485 572 ad
506 525 616 585 Pyrrhum
639 524 752 571 deficiunt.

88 591 131 639 Ex
141 592 168 638 ea
178 589 254 654 praedi
266 590 366 651 Pyrrhus
377 592 486 637 ducentos
496 591 596 651 captivos
607 591 688 635 milites
699 589 749 636 Ro-

85 670 149 702 mam
159 657 230 717 gratis
242 657 333 709 remisit,
345 664 376 709 ut,
388 653 480 717 cogniti
489 655 570 700 virtute
581 655 636 716 ejus,
650 654 748 701 Romani

86 729 253 783 cognoscerent
263 721 330 766 etiam
340 721 500 766 liberalitatem.
537 717 664 782 interjectis
671 717 759 766 deinde'

87 785 173 840 diebus,
182 800 234 831 cum
245 785 356 832 sociorum
367 785 479 831 exercitus
489 785 659 846 supervenisset,
670 784 749 831 iterato

85 850 193 912 proelium
208 865 260 895 cum
279 849 389 896 Romanis
406 849 476 907 facit3
496 849 520 894 in
539 864 583 909 quo
602 864 642 911 par
659 847 751 896 fortuna

85 915 157 977 priori
167 914 226 960 bello
236 914 286 960 fuit

121 977 156 1025 Il.
174 977 264 1025 Interea
272 979 352 1042 Mago,
364 979 410 1026 dux
422 977 648 1042 Carthaginiensium,
659 979 683 1025 in
692 993 748 1026 aux·

86 1043 152 1090 ilium
163 1042 319 1090 Romanorum
332 1059 383 1090 oum
394 1052 485 1090 centum
496 1045 577 1105 viginti
590 1045 683 1091 navibus
694 1045 749 1091 mis·

61 1148 67 1157 „
86 1123 134 1163 sus,
147 1116 248 1154 senatum
259 1110 320 1164 adiit,
337 1115 351 1137 ‘⁸
363 1122 424 1170 aegre
435 1108 513 1153 tulisse
525 1106 748 1169 Carthaginienses,”

85 1173 209 1227 affirmans,
228 1180 243 1202 ‘⁶
252 1173 312 1233 quod
323 1173 406 1218 bellum
418 1172 442 1218 in
454 1169 521 1218 latit
535 1186 548 1218 a
559 1173 679 1233 peregrino
694 1188 749 1235 rme

85 1245 225 1300 paterentur.
257 1237 294 1284 Ob
304 1251 371 1298 quam
385 1251 476 1282 causam
487 1236 583 1282 missum
595 1251 625 1290 se,
642 1244 674 1291 ut,
691 1252 748 1296 quo·

85 1303 149 1349 niam
160 1304 331 1349 externolroste
344 1306 534 1363 oppugnarentur.
551 1301 650 1347 externis
661 1302 762 1351 auxiliis,

81 1366 242 1430 juvarentur.”
278 1367 367 1414 Gratiae
388 1381 403 1413 a
424 1373 503 1411 senatu
526 1363 748 1427 Carthaginiensibus

84 1438 152 1485 acte,
161 1432 287 1492 auxiliaque
301 1432 400 1478 remissa.
432 1430 478 1476 Sed
489 1430 569 1492 Mago,
582 1430 670 1477 Punico
682 1431 750 1492 inge-J

85 1497 133 1551 nio,
150 1504 202 1558 post
211 1511 295 1558 paucos
305 1497 353 1542 dies
368 1496 456 1549 tacitus,
473 1495 536 1555 quasi
547 1493 673 1556 pacificator
688 1493 747 1543 car-

84 1561 270 1623 thaginiensium,
288 1560 401 1622 Pyrrhum
412 1560 473 1613 adiit,
490 1559 643 1621 speculaturus
656 1560 749 1607 consilia

85 1627 137 1688 eJus
151 1626 180 1672 de
195 1624 277 1678 Sicilia,
294 1641 339 1685 quo
353 1641 405 1672 eum
422 1625 504 1671 arcessi
523 1623 583 1670 fama
596 1633 652 1671 erat.
685 1624 748 1671 Nam

86 1689 200 1737 Romanis
211 1692 288 1736 eadem
299 1705 366 1736 causa
376 1689 480 1736 mittendi
488 1689 565 1735 auxilii
575 1686 748 1752 Carthaginien·

84 1756 147 1802 'sibus
158 1754 237 1808 luerat,
249 1763 275 1801 ut
286 1754 391 1801 Romano
400 1754 464 1808 bello,
475 1769 505 1800 ne
513 1755 536 1800 in
545 1754 643 1802 Siciliam
655 1755 749 1802 transire

83 1828 170 1882 posset,
188 1819 291 1879 Pyrrhus
307 1822 330 1865 in
351 1817 417 1865 ltalia
435 1819 579 1866 detineretur.
615 1819 679 1867 Dum
699 1820 748 1867 haec

84 1892 192 1947 aguntur,
208 1886 297 1947 legatus
307 1900 321 1931 a
333 1892 411 1930 senatu
423 1883 529 1930 Romano
540 1883 655 1932 Fabricius
666 1884 748 1932 Lusci·

84 1964 131 1996 nus
149 1950 238 2004 missus,
259 1965 337 2010 pacem
359 1964 410 1996 curn
433 1948 523 2009 Pyrrho
545 1950 677 2011 composuit.
709 1949 749 1996 Ad

83 2028 154 2075 quam
165 2013 346 2068 confirmandam,
364 2011 457 2074 Cyneas
470 2013 570 2060 Romam
582 2029 634 2060 cum
649 2015 749 2075 ingenti·

82 2080 127 2125 bus
142 2093 156 2124 a
171 2077 261 2137 Pyrrho
272 2078 336 2125 donis
350 2079 439 2132 missus,
457 2080 576 2132 neminem,
594 2079 656 2139 cujus
668 2079 748 2125 domus

84 2143 217 2189 muneribus
230 2151 323 2204 pateret,
341 2143 433 2190 invenit.
466 2141 528 2187 Huic
543 2142 687 2188 continentiae
698 2141 748 2190 Ro·

84 2222 205 2255 manorum
217 2208 289 2253 simile
299 2208 425 2268 exemplum
437 2206 516 2252 iisdem
530 2206 601 2267 ferme
612 2208 748 2269 temporibus

83 2272 138 2319 fuit.
170 2271 232 2318 Nam
245 2272 308 2318 missi
322 2280 425 2318 asenatu
438 2272 461 2316 in
472 2269 600 2332 AEgyptum
615 2270 684 2332 legati
695 2287 747 2318 oum

83 2337 190 2398 ingentia
200 2337 240 2383 sibi
252 2351 266 2382 a
277 2335 402 2384 Ptolemaeo
411 2351 465 2398 rege
473 2337 541 2381 missa
548 2350 642 2382 munera
648 2338 746 2399 sprevis-

86 2408 147 2454 sent,
168 2401 289 2463 intep'ectis
308 2401 385 2447 diebus
404 2401 432 2447 ad
450 2415 538 2446 coenam
556 2401 656 2447 invitatis
674 2417 749 2449 aurete

85 2480 179 2513 coronae
193 2467 269 2512 missae
283 2473 336 2511 sunt
343 2481 352 2521 ;
368 2480 424 2525 quas
434 2465 475 2522 illi,
491 2465 582 2511 honoris
593 2464 661 2512 causa
670 2481 747 2528 recep·

86 2538 134 2587 tas,
150 2528 240 2592 posteri
256 2531 292 2576 die
308 2530 388 2576 statuis
404 2530 464 2592 regis
480 2531 646 2591 imposuemntt
673 2528 748 2592 Igitur

86 2595 188 2655 Cyneas,
203 2610 255 2641 cum
266 2595 376 2641 turbatam
387 2610 438 2640 curn
449 2594 560 2641 Romanis
569 2609 647 2655 pacem
658 2597 685 2641 ab
697 2595 747 2656 Ap·

83 2661 125 2724 pio
148 2657 244 2708 Claudio
265 2657 421 2714 renuntilsset,
443 2659 595 2723 iuterrogatus
615 2674 629 2709 a
648 2657 748 2717 Pyrrho,
