1800 2942
315 615 503 685 JUSTINI

99 803 382 865 HISTORIARUM
402 797 720 862 PHILIPPICARUM

79 954 195 1031 {maun
214 979 518 1038 ournsnossmus
536 975 731 1028 sucuunus.

113 1257 134 1306 Ι.
161 1256 224 1305 Posr
244 1272 323 1305 necem
345 1256 491 1309 Mithridatis,
518 1254 653 1302 Parthorum
675 1253 743 1315 regis,

81 1324 212 1377 Phrahates,
228 1321 287 1369 filius
298 1323 352 1384 ejus,
370 1336 411 1369 rex
421 1322 580 1377 constituitur5
597 1320 634 1379 qui
645 1333 696 1365 cum
708 1317 743 1363 in·

79 1389 146 1438 terre-
155 1388 244 1441 bellum,
261 1388 285 1434 in
301 1387 408 1432 ultionem
424 1387 504 1433 tentati
520 1386 547 1432 ab
558 1384 672 1431 Antiocho
687 1380 744 1428 Pur·

80 1454 136 1501 thioi
148 1452 218 1514 regni,
238 1451 311 1513 syria
322 1452 442 1506 statuisset,
461 1451 595 1510 Scytharum
609 1448 708 1495 motibus
717 1445 746 1493 ud

82 1534 125 1567 sua
145 1516 284 1564 defendenda
304 1524 428 1563 revocatur.
471 1514 577 1575 Namque
599 1513 699 1573 Scythae,
721 1511 746 1557 iu

81 1583 190 1631 amilium
202 1580 336 1628 Parthorum
347 1581 454 1628 adversus
465 1580 603 1626 Antiochum
619 1577 692 1638 Syrias
708 1589 745 1624 rev

80 1662 136 1712 gem
148 1646 251 1693 mercede
261 1645 380 1699 sollicitati,
398 1660 449 1692 cum
466 1643 569 1691 confecto
575 1644 623 1705 jam
638 1640 700 1688 bello
708 1654 746 1686 su·

81 1704 747 1826 mruutttruntr‘urturhrut‘

212 1792 253 1831 ur;
285 1791 298 1821 o
431 1789 488 1820 umr
536 1788 566 1819 r1s
733 1791 746 1806 ·

83 1839 150 1896 sum,¹
160 1855 211 1888 cum
228 1841 264 1887 vel
280 1840 414 1902 stipendium
430 1854 472 1901 pro
486 1838 613 1894 vexatione,
629 1836 667 1884 vei
677 1835 746 1881 ulium

81 1909 173 1955 hostem
183 1905 230 1953 dari
241 1905 282 1954 sihi
292 1911 417 1968 poscerent,
434 1903 529 1966 superbo
541 1916 649 1963 responso
659 1898 746 1955 offensi.

82 1971 142 2018 fines
150 1970 285 2018 Parthorum
292 1975 512 2031 ssstsreooeperuut
531 1966 606 2029 Igitur
614 1964 746 2016 Phrahates,

83 2050 139 2083 cum
155 2035 260 2082 sdversus
275 2050 316 2082 eos
331 2033 515 2098 proficisceretur,
531 2032 559 2079 ud
575 2030 668 2077 tutelam
681 2027 748 2089 regni

83 2100 176 2161 reliquit
187 2098 307 2146 Himerum
317 2100 443 2161 quemdam,
460 2096 563 2159 pueritiae
573 2094 614 2142 sibi
625 2092 683 2141 flore
691 2105 747 2139 oon-

82 2164 200 2220 oiiiatum3
213 2164 261 2225 qui,
277 2162 395 2225 tyrannici
409 2162 546 2215 crudelitate,
562 2159 644 2206 oblitus
656 2164 680 2204 et
692 2157 749 2204 vitre

82 2228 214 2292 praeteritae,
234 2235 257 2275 et
273 2229 349 2275 vicarii
367 2228 441 2283 officii,
460 2225 604 2287 Babylonios,
621 2222 749 2283 multasque

82 2293 140 2340 alius
166 2292 275 2348 civitates.
302 2294 429 2355 importune
455 2291 553 2339 vexavit
597 2287 651 2351 Ipse
672 2294 748 2335 tutem

82 2356 211 2405 Phrshstes
221 2358 344 2405 exercitum
359 2358 501 2411 Graecorum,
517 2369 584 2417 quem
594 2353 655 2401 bello
664 2352 748 2400 Antio·

81 2421 121 2469 chi
132 2429 222 2483 captum
233 2423 326 2485 superbe
336 2422 499 2483 crudeliterque
508 2426 650 2473 tractaverat,
665 2419 689 2464 in
700 2416 749 2464 bel·

80 2487 131 2534 lum
147 2501 223 2535 secum
240 2487 313 2543 ducit,
330 2488 448 2535 immemor
464 2501 561 2549 prorsus,
579 2484 639 2546 quod
655 2481 750 2532 hostiles

81 2565 164 2599 eorum
175 2553 262 2599 animos
270 2561 311 2600 nec
322 2552 439 2616 eaptivitas
449 2552 567 2606 minuerat,
578 2558 603 2599 et
611 2550 703 2610 iusuper
713 2547 749 2593 in·

76 2615 192 2680 juriarum
201 2617 325 2680 indignitas
333 2617 514 2665 essomhrverat
545 2614 632 2678 Itaque,
649 2626 702 2661 oum
712 2611 750 2660 ia·

78 2679 195 2728 elisatam
202 2680 339 2731 Parthorum
348 2682 545 2737 rotem-vidissent,
562 2695 625 2729 asma
634 2679 663 2728 ud
673 2678 751 2725 hostes

74 2743 231 2809 murdim
242 2747 409 2815 stdiuoupittm
414 2746 552 2814 mutatis
559 2747 676 2804 duonum
683 2756 749 2794 exer·
