1800 2942
205 140 321 200 Mncnl
337 146 465 199 LICINII
481 146 619 198 ORATIO.
697 151 743 198 18⁵
758 142 759 146 ¹

71 281 142 328 vestri
160 279 279 342 paravere)
296 295 348 330 eum
358 280 394 328 vis
410 281 491 336 omnis,
513 279 623 337 Quirites,
638 278 662 324 in
679 279 743 326 vobis

70 347 110 403 sit,
122 347 163 402 uti,
175 361 227 406 quae
232 347 298 408 jussa
308 358 419 408 nunepro
434 346 484 393 aliia
502 345 609 398 toleratis,
627 343 743 406 pronubis

71 424 142 472 agere
153 419 248 457 autnon
259 425 327 472 agere
338 421 398 457 certe
409 411 507 471 possitis.
531 408 614 457 Jovem
625 416 664 455 ant
674 408 743 454 alium

70 486 141 536 quem
159 474 238 522 Deum
255 476 407 523 consultorem
429 475 577 537 exspectatis:
604 489 688 535 magna
706 473 744 522 ille
817 528 820 540 A

70 540 192 587 consulum
202 542 302 603 imperia,
312 548 335 587 et
342 540 436 587 Patrum
444 541 539 593 decreta,
546 555 588 585 vos
597 537 742 599 exsequundo

71 612 120 652 rata
131 605 226 661 efficitis,
239 605 340 660 Quirites
346 622 354 662 ;
372 606 476 665 ultroque
485 605 600 651 licentiam
608 605 631 650 in
638 617 741 650 vosaue·

71 677 124 717 tum
135 677 203 731 atque
214 671 314 732 adjutum
324 671 455 733 properatis.

103 734 191 795 Neque
207 751 252 797 ego
268 751 310 783 vos
326 737 398 782 ultum
413 736 506 798 injurias
516 736 607 792 hortum
624 735 699 796 magis
709 733 743 779 uti

70 799 173 860 requiem
195 801 304 862 cupiatis:
330 815 403 860 neque
422 801 551 854 discordias,
574 799 647 846 utilli
665 799 742 845 crimi-

70 870 162 917 nantur,
180 864 220 911 sed
238 880 315 912 earum
326 864 402 911 :finem
419 865 505 919 volens,
520 867 573 928 jure
583 865 694 927 gentium,
706 878 743 910 rea

22 979 25 983 ,
67 937 166 991 repetet
185 939 215 984 et,
229 931 247 976 si
258 931 400 992 pertinaciter
416 931 552 985 retinebunt,
571 945 618 976 non
629 944 691 976 arma
701 944 742 975 ne·

70 1009 116 1055 que
126 995 284 1050 secessionem,
296 995 451 1043 tantummodo
462 1010 492 1042 ne
502 995 597 1057 amplius
608 995 741 1057 sanguinem

67 1061 172 1107 vistrum
183 1061 307 1121 praebeatis,
319 1075 409 1107 censeo.
443 1060 537 1114 (lerant,
550 1061 689 1119 habeantque
700 1073 742 1106 suo

69 1124 140 1170 modo
156 1124 265 1186 imperia;
290 1133 393 1186 quaerant
413 1125 552 1186 triumphos:
576 1123 740 1180 Mithridatem,

70 1188 205 1243 Sertorium,
224 1197 248 1236 et
263 1189 367 1250 reliquias
383 1189 494 1244 exsulum,
511 1196 674 1250 persequantur
689 1203 741 1235 cum

68 1253 208 1315 imaginibus
225 1256 286 1301 sins·
306 1256 363 1301 absit
379 1253 503 1331 periculum
526 1260 549 1299 et
570 1253 638 1308 labos,
662 1253 742 1313 quibus

68 1319 134 1367 nulla
144 1333 197 1381 pars
207 1318 294 1366 fmctils
305 1327 351 1366 est:
371 1319 414 1365 nisi
430 1318 490 1365 forte
508 1315 624 1381 repentina
634 1316 679 1364 ista
692 1317 742 1365 fru-

68 1382 182 1430 mentaria
199 1385 252 1446 lege
269 1386 346 1431 munia
361 1392 437 1431 vestra
453 1391 588 1460 pensantur:
608 1398 652 1443 qua
667 1389 744 1430 tamen

69 1449 146 1509 quinis
163 1450 244 1496 modiis
263 1449 387 1497 libertatem
408 1449 509 1496 omnium
529 1445 685 1502 aestumavere.
704 1449 743 1509 qui

68 1512 173 1576 profecto
195 1529 241 1560 non
264 1514 359 1576 amplius
381 1521 477 1576 possunt
504 1513 616 1559 alimentis
641 1513 742 1561 carceris.

70 1577 197 1639 Namque
206 1586 231 1625 ut
249 1579 294 1626 illis
304 1579 430 1640 exiguitate
439 1593 502 1625 mors
509 1603 510 1607 =
517 1578 653 1639 prohibetur,
665 1592 742 1626 senes·

69 1650 127 1690 eunt
145 1642 206 1689 vires
212 1661 220 1701 ;
239 1645 271 1691 sie
293 1658 367 1705 neque
384 1643 481 1690 absolvit
499 1640 553 1689 curi
574 1643 678 1689 familiari
695 1650 741 1691 tam

68 1722 140 1771 parva
150 1723 201 1754 res:
221 1716 244 1755 et
262 1710 360 1771 ignavus
378 1709 472 1769 quisque
489 1706 622 1756 tenuissimi
632 1707 742 1770 spefrus·

67 1780 175 1820 uantur:
194 1788 246 1834 quae
263 1780 346 1828 tamen,
365 1774 470 1833 quamvis
486 1772 565 1835 ampla,
577 1774 682 1834 quoniam
694 1789 742 1828 serf

67 1838 119 1885 vitii
138 1839 236 1901 pretium
254 1845 410 1893 ostentaretur,
430 1839 494 1900 cujus
511 1840 632 1900 torpedinis
643 1846 691 1885 erat
702 1840 742 1886 ‹le-
764 1854 766 1859 ’

68 1903 120 1965 cipi,
132 1911 157 1950 et
167 1909 293 1950 vestrarum
300 1919 375 1949 rerum
382 1904 441 1950 ultro
448 1902 529 1965 injurii
536 1905 632 1964 gratiam
644 1902 741 1950 debere?

70 1967 178 2029 Namque
188 1968 232 2015 alio
243 1970 318 2024 modo,
330 1968 489 2029 nu1uevaleat
500 1970 523 2015 in
534 1969 658 2023 universus,
669 1982 743 2028 neque

70 2034 219 2080 conabuntur.
241 2066 244 2073 »

102 2096 227 2146 carendus
237 2097 302 2145 dolus
313 2106 354 2146 est.
388 2097 468 2161 Itaque
479 2099 545 2146 simul
556 2105 687 2159 comparant
699 2098 738 2145 de·

68 2162 201 2217 lenimenta,
220 2170 244 2210 et
263 2163 368 2211 differunt
383 2180 425 2210 vos
436 2166 460 2211 in
471 2165 592 2222 aduentum
612 2161 656 2211 Cn.
671 2162 741 2210 Pom·

68 2228 215 2289 pem-quem
232 2228 313 2289 ipsum,
331 2230 369 2274 ubi
382 2227 517 2291 pertimuere
535 2229 645 2275 sublatum
655 2229 679 2274 in
691 2230 741 2275 eer'-

68 2293 131 2340 viees
148 2308 208 2347 suas,
224 2307 280 2338 mox
296 2294 372 2340 demto
386 2301 449 2340 metu
465 2294 572 2340 lacerant.
604 2291 686 2354 Neque
702 2309 742 2341 eos

69 2357 140 2418 pudet
157 2357 278 2421 (vindices,
288 2359 329 2403 ‘uti
345 2373 370 2405 se
386 2358 469 2412 ferunt,
486 2355 606 2418 libertatis)
622 2365 656 2404 tot
672 2357 740 2415 viros,

67 2423 120 2468 sine
131 2437 184 2478 uno,
203 2428 243 2469 aut
253 2423 368 2469 remittere
383 2424 488 2485 injurium
499 2437 544 2468 non
556 2423 643 2477 audere,
656 2429 694 2468 aut
700 2425 740 2485 jus

71 2499 117 2532 non
127 2502 195 2549 posse
206 2487 332 2534 defendere.
364 2487 424 2534 Mihi
441 2488 532 2549 quidem
551 2489 605 2534 satis
616 2495 740 2548 spectatum

71 2558 114 2608 est,
133 2551 275 2614 Pompeium,
294 2560 364 2599 tautae
384 2553 465 2615 gloriae
484 2552 654 2605 adolescentem,
673 2552 740 2599 malle

72 2616 193 2679 principem
205 2616 332 2664 volentibus
348 2618 412 2664 vobis
430 2633 487 2671 esse,
506 2631 572 2677 quam
583 2617 627 2662 illis
638 2615 740 2661 domina·

73 2680 258 2741 timiaweiump
270 2689 429 2744 auctoremque
439 2696 463 2729 m
473 2678 740 2745 pnmuforetnbuuete
765 2684 769 2695 ¹
