1800 2942
321 491 509 559 JUSTINI

100 646 389 740 ursromnnun
411 664 728 738 Pnrnrrrruanun

276 856 383 907 LIBER
398 855 557 906 TERTIUS.

112 1133 133 1182 Ι.
149 1134 261 1190 Xaxxss,
273 1149 314 1183 rex
325 1134 453 1191 Persarum,
468 1143 541 1183 terror
557 1144 624 1183 antea
639 1127 749 1198 gentium,

76 1201 139 1248 bello
150 1201 174 1247 in
187 1198 278 1255 Graecii
287 1200 406 1248 infeliciter
413 1208 486 1263 gesto,
494 1202 562 1248 etiam
569 1195 618 1247 *suis
625 1202 749 1247 contemtui

78 1280 131 1313 ease
148 1267 231 1328 erepit:
250 1267 332 1328 quippe
343 1266 479 1321 Artabanus,
495 1266 616 1328 praefectus
626 1266 681 1325 eJus,
693 1264 748 1311 deli·

77 1331 154 1377 ciente
165 1330 264 1391 qnotidie
272 1332 332 1394 regis
342 1332 469 1393 maJestate,
476 1331 500 1377 in
513 1345 576 1392 spem
593 1330 657 1390 regni
665 1330 749 1376 adduc-

76 1402 122 1449 tus,
136 1410 190 1442 curn
209 1404 296 1457 septem
314 1396 474 1444 robustissimis
491 1394 543 1441 filiis
559 1396 645 1457 reglum
661 1395 750 1456 vesperi

75 1460 211 1523 ingreditur,
230 1461 294 1524 (nam
311 1461 416 1508 amicitiae
430 1462 483 1523 jure
501 1475 588 1522 seraper
604 1459 635 1505 illi
647 1457 748 1520 patebat)

75 1525 235 1585 mandatoque
244 1540 306 1588 rege,
317 1532 372 1572 voto
380 1540 422 1572 suo
430 1526 563 1572 obsistentes
569 1523 627 1570 filios
637 1525 686 1586 ejus
696 1524 749 1571 dolo

73 1589 218 1652 aggreditur.
251 1589 356 1638 securior
373 1589 402 1636 de
421 1589 556 1652 Artaxerxe,
578 1604 649 1650 puero
670 1588 749 1635 admo-
816 1609 819 1618 ·

76 1655 141 1709 dum,
151 1652 219 1715 fingit
230 1668 307 1715 regem
318 1668 335 1700 a·
343 1652 422 1708 Dario,
442 1654 481 1713 qui
492 1660 541 1699 erat
553 1653 691 1707 adolescens,
702 1670 748 1715 quo

74 1719 190 1767 maturius
208 1733 280 1779 regno
299 1719 414 1779 potiretur,
437 1718 552 1780 occisum
568 1718 662 1780 impellit
678 1719 749 1769 Arta·

74 1797 165 1840 xerxen
181 1783 323 1843 parricidium
339 1782 458 1843 parricidio
464 1782 586 1829 vindicare.
618 1780 678 1831 Cum
689 1800 747 1832 ven-

74 1856 126 1896 tum
135 1848 165 1894 ad
175 1847 267 1896 domum
279 1846 345 1894 Darii
356 1855 422 1902 esset,
435 1848 548 1894 dormiens
559 1848 671 1902 inventus,
683 1850 748 1909 quasi

74 1927 185 1962 cornuum
198 1910 301 1974 fingeret,
318 1911 456 1960 interficitur.
490 1911 560 1967 Dein,
571 1928 622 1960 cum
637 1929 706 1960 unum
718 1927 748 1959 ex

73 1978 140 2041 regia
155 1976 208 2023 liliis
224 1977 302 2023 sceleri
319 1992 360 2023 suc
379 1993 495 2040 superesse
514 1980 643 2025 Artabanus
653 1978 748 2035 videret,

72 2048 234 2102 metueretque
244 2040 272 2088 de
283 2056 355 2104 regno
373 2044 495 2089 certamina
505 2043 636 2104 principum,
654 2043 749 2088 assumit

57 2109 98 2161 .in
123 2107 256 2154 societatem
277 2106 364 2153 consilii
391 2106 546 2163 Bacabasum3
570 2107 616 2167 qui,
641 2108 748 2168 praesenti

28 2175 32 2184 '
73 2180 138 2222 statu
149 2178 277 2226 contentus,
294 2186 342 2217 rem
353 2172 427 2234 prodit
442 2172 571 2226 Artaxerxi,
587 2178 613 2217 ut
628 2179 692 2232 pater
699 2173 748 2234 ejus
786 2191 794 2202 ,

74 2238 168 2285 occisus
184 2236 220 2291 sit,
237 2244 263 2283 ut
280 2235 350 2287 frater
367 2235 423 2283 salsi
431 2236 548 2298 parricidii
564 2235 691 2296 suspicione
705 2253 747 2299 cp-

74 2316 186 2366 pressus3
207 2306 233 2347 ut
251 2301 348 2361 denique
363 2302 405 2364 ipsi
422 2309 562 2363 pararentur
573 2301 669 2348 insidiae.
700 2301 748 2348 His

74 2367 184 2429 cognitis,
194 2366 341 2420 Artaxerxes,
351 2381 433 2414 verens
444 2365 553 2413 Artabani
563 2380 681 2413 numerum
691 2366 748 2415 filio-

76 2447 136 2486 rum,
152 2433 179 2478 in
189 2439 306 2493 posterum
317 2431 375 2478 diem
386 2439 488 2494 paratum
499 2446 549 2477 esse
559 2439 669 2479 mutatum
680 2447 746 2479 exer·

75 2498 148 2549 citum
159 2497 232 2560 jubet,
251 2497 407 2558 recognitores
423 2503 447 2544 et
466 2510 583 2543 numerum
602 2496 707 2553 militum,
724 2504 749 2542 et

75 2562 101 2608 in
112 2562 183 2609 armis
200 2561 332 2608 industriam
350 2561 499 2624 singulorum.
530 2558 610 2621 Itaque
625 2562 758 2614 cumiuter

77 2634 174 2674 caeteros
184 2632 216 2674 et
235 2626 283 2688 ipse
300 2626 429 2674 Artabanus
450 2633 549 2674 armatus
569 2625 689 2677 assisteret,
707 2638 752 2669 rex

77 2690 176 2758 simulat,
194 2707 219 2741 se
237 2692 362 2740 breviorem
381 2692 474 2740 loricam
491 2692 586 2739 babere:
601 2690 666 2751 jubet
677 2687 748 2734 Arta·
