1800 2942
391 465 580 535 JUSTINI

157 630 159 633 ’
181 647 812 717 u1sson1snunrrr11n1rrlcsnusr

245 830 354 883 LIBER
369 829 561 884 VICESIMUS
577 828 744 881 TERTIUS.

190 1109 210 1157 L
228 1109 399 1164 Aonmoonrs,
411 1124 452 1157 rex
464 1109 553 1164 sicilie,
566 1107 697 1172 psciiicstus
708 1124 764 1156 oum
775 1106 832 1158 css·

160 1176 347 1238 tbsginiensibun
358 1183 445 1236 purtem
457 1175 581 1222 civitatium
592 1189 606 1221 a
616 1188 642 1220 se
651 1172 737 1221 fiducii
751 1174 833 1221 virium

159 1241 313 1289 dissidentium
335 1241 403 1287 armis
422 1239 518 1301 subegit.
556 1237 625 1294 Dein,
645 1238 711 1299 qussi
729 1238 834 1301 angustis

159 1306 241 1353 insulae
248 1305 350 1353 terminis
360 1304 507 1358 clauderetur,
517 1304 581 1366 cujus
591 1303 777 1365 imperiipnrtem
788 1302 834 1365 pri·

160 1371 204 1417 mis
221 1371 366 1418 incrementis
387 1384 416 1415 ne
435 1375 563 1430 speraverat
579 1368 675 1429 quidem,
692 1369 719 1414 in
741 1364 834 1414 Itsiism

160 1434 313 1491 bsnwsudit3
330 1433 458 1495 exemplum
469 1431 577 1493 Dionysii
588 1440 686 1488 secutus,
697 1432 738 1493 qui
748 1432 835 1478 multus

160 1500 263 1547 civitates
283 1497 356 1546 Itsiise
375 1498 501 1559 subegerat.
541 1496 613 1545 Primi
630 1498 700 1560 igitur
711 1498 792 1543 hostes
802 1495 835 1542 ilii

161 1562 247 1611 Bruttii
257 1561 327 1618 fuire,
344 1563 382 1625 qui
393 1571 417 1610 et
427 1562 544 1608 fortissimi
560 1568 608 1609 tum
628 1569 652 1608 et
668 1559 835 1623 opulentissimi

160 1629 300 1683 videbantur,
313 1628 380 1675 simul
393 1633 418 1674 et
435 1627 464 1674 sd
482 1626 573 1689 injurios
589 1626 717 1674 vicinorum
733 1625 832 1689 promti:

161 1704 215 1738 nam
234 1693 316 1739 multos
332 1693 435 1740 civitates
452 1691 530 1740 Graeei
541 1691 638 1738 nominis
656 1689 725 1739 Itslii
740 1689 835 1753 expule-

163 1762 227 1802 runtr
246 1764 349 1804 auctores
359 1771 449 1818 quoque
459 1771 519 1810 suos,
531 1754 644 1810 Lucanos,
654 1755 715 1803 bello
724 1756 834 1809 viserent,

162 1827 187 1866 et
203 1834 280 1882 pacem
296 1836 348 1868 cum
371 1822 407 1868 his
425 1822 496 1882 aequis
514 1821 602 1882 legirus
618 1819 727 1868 fecerunt.
758 1817 836 1866 Tsnts

162 1883 241 1931 feritas
251 1884 377 1931 animorum
388 1892 443 1940 erat,
459 1892 484 1932 ut
495 1900 537 1932 nec
548 1885 631 1946 origini
642 1900 690 1932 suae
700 1890 832 1946 parcerent:

163 1964 261 2011 namque
271 1947 359 1996 Lucani
370 1950 449 1996 iisdem
459 1950 548 2012 legibus
558 1950 639 1996 liberos
650 1965 710 2004 suos,
723 1949 806 2009 quibus
813 1954 835 1994 et
895 1972 896 2009 ς

164 2014 276 2077 Sportoni,
295 2014 411 2061 instituere
428 2014 489 2061 soliti
511 2024 582 2061 erant.
614 2013 706 2076 Quippe
724 2014 754 2060 sb
769 2013 834 2059 initis
895 2016 896 2071 t

164 2080 287 2142 pubertatis
305 2079 329 2126 in
345 2079 408 2126 silvis
425 2079 485 2126 inter
505 2086 606 2140 pastores
623 2079 769 2134 habebantur,
787 2078 835 2124 sine
895 2074 896 2123 i

165 2145 290 2192 ministerio
301 2144 382 2199 servili,
394 2144 443 2190 sine
453 2142 524 2198 vesti,
536 2157 603 2202 quam
611 2143 739 2197 induerent,
750 2141 790 2189 vel
799 2141 835 2189 eui

166 2209 311 2265 incubarent3
328 2214 354 2255 ut
365 2208 463 2270 oprimis
470 2208 535 2254 annis
543 2207 631 2254 duritiae
638 2207 835 2268 parcimoniaeque,
895 2210 896 2269 ᾗ

167 2271 216 2317 sine
233 2273 279 2319 uilo
293 2287 336 2319 usu
353 2272 420 2328 urbis,
437 2279 597 2321 assuescerent.
630 2271 702 2321 Cibus
713 2270 835 2333 bispraedn

166 2335 283 2392 venaticu3
299 2343 367 2397 potus
386 2343 425 2382 sut
442 2336 507 2383 lectis
523 2343 562 2382 sut
580 2334 676 2383 fontium
689 2337 766 2395 liquor
781 2340 837 2383 ent.

168 2395 207 2444 Sic
218 2398 247 2444 ad
260 2399 347 2447 labores
361 2400 455 2447 bellicos
465 2400 629 2446 indursbsntur.
663 2399 759 2447 Horum
769 2401 838 2462 igitur

168 2474 199 2506 ex
208 2475 302 2508 numero
313 2465 476 2525 quinquaginta
490 2465 562 2526 primo
578 2479 608 2510 ex
618 2466 680 2526 egris
689 2463 837 2511 finitimorum

168 2524 264 2585 praedori
275 2525 350 2583 soliti3
366 2528 496 2574 confluente
504 2528 583 2574 deinde
593 2529 746 2584 multitudine,
755 2529 837 2576 sollici·

168 2589 211 2635 teti
221 2586 304 2650 predi,
315 2605 367 2636 cum
381 2593 457 2653 plures
467 2592 521 2640 sacti
530 2600 613 2647 essent,
625 2591 719 2640 infestes
733 2593 838 2656 regiones

170 2652 298 2701 reddebant.
315 2652 396 2716 Itaque
404 2655 514 2720 fatigatus
521 2656 618 2718 querelis
624 2657 739 2707 sociorum
747 2657 838 2718 Diony·
