1800 2942
205 225 342 282 JUSTINI
360 230 412 278 Lar.
420 215 516 279 xliv.
532 229 624 280 Cane.
703 234 752 279 419

86 364 173 413 maluit.
205 361 240 410 Ibi
251 377 340 425 quoque
356 377 407 409 oum
429 359 551 410 inviolatus
567 368 634 416 esset,
653 375 695 407 nec
711 360 753 408 ali·
804 411 813 432 ἱ

86 430 171 477 mentis
181 436 266 490 egeret,
282 428 373 475 cramus
389 428 463 490 primo
476 428 567 490 jejunis,
587 434 610 474 et
628 425 751 473 multorum

85 496 174 542 dierum
184 490 318 540 abstineutii
331 493 442 547 cruciatis,
458 507 513 539 mox
531 492 598 539 etiam
618 491 695 538 suibus
713 490 754 537 ob·

79 560 145 624 jecit.
179 556 260 619 Itaque
271 572 322 603 cum
333 572 379 603 nou
390 557 464 604 solum
475 572 522 603 nou
533 563 658 610 noceretur,
674 569 754 603 verum

84 625 153 672 mium
165 622 310 682 quarumdam
326 622 429 668 uberibus
445 622 548 676 aleretur.
565 621 593 668 ad
608 620 713 667 ultimum
729 617 756 667 iu

86 688 205 736 Oceanum
215 687 280 750 abjici
285 686 361 748 jussit.
394 685 463 741 Tum,
479 686 546 749 plane
561 683 681 732 manifesto
698 698 754 746 quo·

86 753 138 799 dam
149 752 251 809 numine,
263 751 323 797 inter
339 750 440 798 furentes
459 757 529 798 aestus
546 766 572 798 ac
590 750 755 812 reciprocantes
806 775 808 778 ·

83 816 167 872 undar,
177 816 240 863 velut
256 829 321 871 nave,
338 831 385 862 non
395 814 466 862 fluctu
476 817 603 870 veheretur,
614 815 660 862 leni
671 812 719 861 salo
730 814 756 861 in

85 879 153 928 litore
163 881 296 943 exponitur:
316 894 358 927 nec
368 880 441 927 multo
457 889 509 943 post
528 895 594 927 cerva
612 879 682 934 affuit,
703 894 755 942 quae

86 947 156 994 ubera
165 946 259 1008 parvulo
271 944 369 992 offerret.
402 943 460 993 Inde
470 944 567 1007 denique
584 944 756 992 couversatione

86 1011 181 1060 nutricis
191 1010 275 1058 cadmia
290 1024 359 1072 puero
375 1010 496 1074 pernicitas
514 1010 574 1069 suit;
591 1011 694 1071 interque
704 1024 755 1057 cer·
773 1044 776 1056 .

86 1089 169 1124 vorum
185 1090 269 1139 greges
288 1074 326 1122 diu
345 1082 433 1122 montes
453 1075 566 1136 saltusque
584 1075 645 1122 baud
663 1073 757 1122 inferior

86 1141 208 1189 velocitate
225 1139 361 1203 peragravit.
394 1140 433 1187 Ad
449 1139 589 1201 postremum
604 1140 686 1199 laqueo
701 1153 756 1201 cap·

86 1212 134 1263 tus,
149 1205 199 1268 regi
215 1206 275 1253 douo
294 1204 360 1252 datus
377 1212 419 1252 est.
451 1203 520 1251 Tunc
530 1211 554 1250 et
567 1203 756 1250 lineamentorum
808 1257 811 1262 Υ

87 1270 239 1326 similitudine,
254 1277 278 1316 et
293 1269 355 1316 notia
370 1270 477 1333 corporis,
496 1284 547 1330 quae
563 1269 646 1314 inustae
662 1268 757 1329 parvulo

87 1334 184 1390 merent,
206 1349 277 1397 nepos
298 1335 397 1397 agnitus.
438 1333 596 1381 Admiratione
620 1332 699 1378 deinde
721 1338 757 1379 tot

87 1413 181 1446 casuum
194 1399 398 1461 periculorumque,
415 1400 443 1444 ab
459 1399 538 1445 eodem
556 1412 672 1445 successor
690 1396 756 1459 regni

85 1463 218 1530 destinatur.
250 1461 343 1510 Nomen
354 1464 386 1510 illi
397 1464 528 1525 impositum
540 1461 651 1520 Habidis;
669 1462 716 1522 qui,
731 1467 757 1508 ut

87 1541 184 1590 regnum
204 1529 296 1590 accepit,
315 1535 386 1575 aantae
405 1527 568 1590 magnitudinis
589 1526 639 1582 fuit,
662 1534 688 1573 ut
708 1541 756 1575 nou

84 1592 169 1641 matri
179 1590 284 1639 Deorum
295 1594 412 1656 majestate
425 1600 461 1639 tot
475 1592 579 1655 periculis
590 1597 681 1653 ereptus
692 1586 757 1640 vide·

86 1664 165 1704 retur:
183 1658 265 1720 quippe
280 1658 397 1705 barbarum
408 1657 516 1721 populum
527 1656 715 1720 legiburjunxit3
733 1661 757 1705 et

84 1723 157 1770 boves
166 1723 252 1783 primus
263 1730 336 1769 aratro
347 1723 440 1777 domari,
450 1722 608 1784 frumentaque
619 1721 681 1769 sulco
692 1736 756 1782 quae·

85 1795 141 1834 rem
153 1786 245 1845 docuit3
263 1793 286 1834 et
301 1801 331 1833 ex
346 1788 431 1849 agresti
448 1788 498 1835 cibo
514 1787 604 1833 mitiora
619 1786 687 1841 vesci,
704 1785 757 1833 odio

86 1861 167 1900 eorum
194 1864 247 1911 quae
273 1852 321 1913 ipse
342 1866 421 1914 passus
442 1850 523 1907 fuerat,
545 1852 649 1902 homiues
670 1851 757 1913 co'e‘git.

87 1914 167 1979 Hujus
183 1929 248 1962 cerus
263 1914 358 1963 fabulosi
373 1917 511 1971 viderentur,
532 1916 577 1963 nisi
596 1923 619 1963 et
637 1914 757 1966 Romano·

86 1994 139 2038 rum
148 1980 277 2036 conditores
292 1978 347 2042 lupi
359 1981 445 2037 nutriti,
458 1988 483 2028 et
494 1979 571 2042 Cyme
582 1996 623 2028 rex
634 1979 756 2028 Persarum

86 2051 145 2093 caue
160 2046 227 2092 alitus
242 2045 380 2108 proderetur.
413 2046 451 2094 Ab
466 2047 510 2093 hoc
527 2052 551 2092 et
566 2045 690 2092 ministeria
709 2060 756 2102 ser·v

86 2110 144 2166 vilia¹
152 2125 181 2172 po
198 2110 235 2157 ulo
245 2112 370 2168 interdicta,
382 2118 406 2159 et
416 2113 479 2175 plebs
495 2113 518 2158 in
536 2117 623 2173 septem
638 2110 704 2157 urbes
722 2109 756 2156 di·

85 2176 145 2224 uiso.
210 2183 276 2222 omuo
295 2174 393 2232 Habide,
412 2191 509 2240 regnum
526 2175 656 2239 permulta
673 2173 758 2223 saecule

85 2241 290 2306 asuccessoribus
307 2242 355 2303 ejus
374 2249 487 2289 retentum
507 2249 550 2290 est.
583 2239 612 2287 In
631 2237 675 2287 alid
693 2246 758 2303 parte

86 2303 217 2367 Hispanias,
229 2311 253 2352 et
262 2321 315 2368 quae
326 2320 355 2353 ex
370 2307 449 2354 insulis
466 2313 563 2360 constat,
579 2320 676 2368 regnum
687 2319 758 2368 peaes

86 2370 215 2429 Geryonen
224 2369 275 2418 fult.
308 2368 337 2417 In
348 2372 390 2419 beo
401 2380 465 2420 tauta
476 2372 551 2435 pabuli
569 2371 649 2420 laetitia
664 2380 705 2424 est,
723 2376 757 2426 ut,

84 2434 132 2483 misi
142 2433 276 2482 abstinentie
287 2436 513 2500 interpellatamgina
520 2438 594 2494 fuerit,
605 2450 686 2500 pecora
694 2450 757 2484 rum·

81 2507 176 2563 paratur.
208 2497 266 2547 Inde
277 2500 373 2563 denique
383 2511 485 2550 armentu
496 2503 612 2564 Geryonis
630 2503 693 2567 (quae
710 2499 755 2548 illis

81 2563 224 2626 temporibus
234 2565 290 2613 roloe
300 2581 355 2629 opes
365 2564 513 2629 habebantur)
525 2574 595 2614 tuntae
604 2566 673 2614 famae
682 2564 754 2624 suere,

81 2636 112 2680 ut
123 2626 250 2676 Herculem
261 2645 290 2677 ex
301 2629 359 2679 Aria
373 2632 460 2693 praedae
469 2632 624 2693 magnitudine
634 2630 757 2679 illexerint.

82 2694 160 2743 Porro
167 2694 292 2755 Geryonen
300 2697 374 2758 ipsum
381 2712 428 2745 non
437 2696 629 2760 tripbcisnamrae,
638 2703 664 2743 ut
673 2694 755 2743 sabulis

80 2759 193 2824 proditur,
206 2761 274 2812 fuisse
283 2761 368 2820 ierunt,
380 2763 419 2812 sed
428 2771 476 2811 tres
486 2761 567 2813 iratres
579 2768 755 2810 tantoeconcor·
