1800 2942
126 147 174 192 ιτα
253 103 408 195 ἰυετιΝῐ
424 143 477 193 nn
489 142 522 192 rr
540 143 648 195 cren.

124 274 179 337 igne
189 281 312 337 grasmur.
344 273 451 336 Namque
463 275 620 329 Athenienses,
631 281 683 336 post
693 289 798 338 pugnam

123 338 298 394 Marathoniam,
320 339 485 403 (praemonente
502 339 668 395 Themistocle,
676 342 798 388 victoriam

124 404 186 451 illurn
202 406 230 451 de
241 403 324 459 Persis,
340 420 386 451 non
397 404 472 459 finem,
485 404 524 451 sed
534 417 624 452 causam
635 406 727 467 majoris
740 406 798 453 belli

123 468 184 530 fore)
207 470 314 517 ducentas
340 485 410 518 naves
435 469 604 517 fabricaverant.
648 469 800 517 Adventante

124 534 195 598 igitur
212 533 298 588 Xerxe,
319 534 487 582 consulentibus
503 533 600 596 Delphis
621 535 737 582 oraculum
758 551 797 582 re·
813 553 821 569 ³

124 614 233 661 sponsum
247 599 327 655 iuerat„
339 600 455 647 “salutern
470 600 541 646 muris
556 599 638 660 ligneis
653 598 798 646 tuerentur.’'

124 662 289 711 'Ibemistocles
297 665 388 712 navium
399 664 527 726 praesidium
538 663 716 712 demonstratum
725 671 797 719 ratus,

124 729 245 791 persuadet
256 729 365 785 omnibus,
375 730 470 791 patriam
481 730 605 790 municipes
612 744 668 784 esse.
681 744 727 775 non
735 744 797 776 moe·

125 794 178 851 nia3
196 794 354 855 civitatemque
372 795 460 840 nonin
478 792 583 848 aediliciis,
602 795 642 840 sed
663 795 687 840 in
709 794 798 841 civibus

124 859 230 922 positam.
262 858 347 906 Melius
357 860 433 919 itaque
443 858 539 905 salutem
554 858 653 913 nambus,
665 873 732 919 quam
745 860 797 906 urbi

125 925 292 971 commissuros.
325 921 403 986 Hujus
414 925 532 971 sententie
543 924 611 970 etiam
624 922 702 970 Deum
715 930 796 971 aucto·

125 1003 174 1037 rem
196 1004 252 1036 esse.
285 988 384 1035 Ptobato
405 989 509 1045 consilio,
531 990 641 1051 conjuges
659 988 795 1049 liberosque,

125 1068 178 1101 cum
188 1053 353 1115 pretiosissimis
365 1054 436 1107 rebus,
455 1054 535 1100 abditis
545 1052 632 1106 insulis,
643 1052 721 1099 relicui
732 1054 796 1108 urbe,

125 1118 275 1176 demandant3
292 1119 333 1180 ipsi
346 1133 414 1166 naves
425 1120 504 1165 armati
516 1118 678 1165 conscendunt.
704 1117 796 1164 Exem·
815 1161 817 1164 ,

125 1182 188 1246 plum
201 1183 373 1231 Atheniensium
386 1190 409 1230 et
426 1184 477 1230 oliae
495 1184 562 1230 urbes
580 1183 681 1229 imitatae.
713 1181 798 1244 Itaque

124 1262 178 1293 cum
197 1248 293 1296 adunata
309 1249 382 1296 omnis
398 1249 510 1295 sociorum
527 1248 612 1301 classis,
630 1255 653 1293 et
668 1248 755 1294 intenta
772 1249 796 1298 in

123 1312 207 1360 bellum
226 1313 307 1361 navale
325 1321 399 1370 essct;
417 1314 578 1375 angustiasque
597 1312 712 1359 Salaminii
733 1311 795 1368 freti,

123 1391 155 1424 ne
173 1378 329 1425 circumveniri
345 1393 359 1426 a
377 1378 521 1425 multitudine
537 1385 620 1440 posset,
639 1374 797 1439 occupdssent,

124 1443 234 1491 dissensio
243 1445 301 1491 inter
311 1444 435 1491 civitatium
451 1443 564 1504 principes
579 1443 664 1489 oriturt
684 1442 798 1503 quicum,

125 1507 214 1556 deserto
232 1508 298 1562 bello,
316 1508 344 1555 ad
360 1523 401 1555 suu
417 1508 501 1555 tuenda
517 1489 583 1555 dilabi
602 1507 692 1562 vellent,
712 1508 798 1556 timens

124 1571 297 1629 Themistocles,
317 1589 347 1621 ne
361 1574 460 1621 discessu
472 1573 584 1620 sociorum
595 1574 655 1619 vires
665 1574 797 1619 minueren-

125 1644 170 1693 tur,
186 1654 226 1700 per
240 1653 330 1685 servum
346 1637 415 1685 fidum
434 1637 509 1685 Xerxi
528 1638 622 1691 nuntiat,
640 1651 686 1683 uno
701 1638 727 1683 in
743 1638 799 1684 loco

126 1717 178 1749 eum
199 1710 335 1749 contractam
356 1704 471 1751 Graeciam
493 1718 572 1764 capere
593 1701 698 1748 facillime
719 1717 797 1764 posse.

126 1766 196 1821 Qurod
207 1768 226 1813 si
236 1768 344 1823 civitates,
355 1783 407 1828 quae
413 1770 462 1831 jam
473 1768 534 1814 abire
542 1766 635 1820 vellent,
651 1767 797 1829 dissipentur,

124 1832 210 1894 majore
225 1832 302 1878 labore
317 1834 337 1879 ei
354 1834 455 1895 singulas
471 1831 639 1879 consectandas.
671 1830 727 1879 Hoc
744 1833 798 1880 dolo

125 1896 221 1958 impellit
231 1912 309 1959 regem
320 1898 410 1959 signum
421 1912 506 1960 pugnae
517 1898 576 1944 dare.
610 1895 688 1943 Graeci
699 1912 796 1957 quoque,

125 1962 223 2008 adventu
241 1963 339 2009 hostiurn
359 1964 468 2023 occupati,
486 1962 589 2024 proelium
608 1961 695 2009 cussutis
710 1962 799 2009 viribus

125 2035 252 2089 capessunt
285 2025 376 2074 Interes
386 2042 433 2083 rex,
444 2027 507 2074 velut
518 2034 629 2088 spectator
640 2041 731 2087 pugnae,
743 2042 797 2073 curn

124 2099 189 2154 parte
206 2094 297 2140 navium
314 2093 337 2139 in
356 2094 422 2139 litore
433 2099 542 2139 remanet.
573 2090 697 2138 Artemisia
710 2099 797 2147 autem,

125 2158 205 2218 regina
216 2157 377 2211 Halicarnason
388 2172 439 2219 qum
449 2158 474 2203 in
490 2156 597 2203 auxilium
609 2156 682 2202 Xerxi
693 2165 796 2210 venerat,

125 2222 185 2268 inter
195 2223 280 2284 primos
299 2222 367 2270 duces
385 2221 468 2269 bellum
485 2222 593 2268 acerrime
609 2221 694 2267 ciebat:
714 2221 799 2283 quippe

126 2286 186 2332 utin
198 2288 247 2334 viro
261 2288 390 2334 muliebrem
403 2287 514 2341 timorem,
524 2288 557 2333 ita
567 2287 591 2332 in
602 2286 696 2344 muliere
706 2286 797 2333 virilem

125 2351 241 2398 audacium
263 2367 374 2399 cerneres.
417 2350 477 2400 Cum
496 2365 578 2413 anceps
599 2350 705 2412 proelium
727 2359 798 2405 esset,

126 2413 204 2468 Iones,
227 2417 294 2478 juxta
315 2423 453 2480 praeceptum
474 2415 643 2471 Tbemistoclis,
663 2430 750 2478 pugnae
771 2431 800 2463 se

125 2480 232 2542 paulatim
242 2481 370 2528 subtrahere
381 2489 513 2544 coeperuntz
533 2495 629 2542 quorum
640 2479 737 2526 defectio
748 2481 799 2527 ani-

126 2559 177 2590 mos
188 2553 320 2590 caeterorum
336 2545 410 2607 fregit.
442 2544 524 2607 Itaque
540 2545 745 2606 circumspicientes
760 2544 800 2591 fu·
813 2581 822 2606 ,.

126 2623 180 2672 gam
191 2609 304 2673 pelluntur
315 2608 400 2668 Persae,
415 2618 439 2658 et
448 2625 503 2657 mox
513 2611 594 2674 proelio
609 2610 671 2669 victi,
681 2610 706 2657 in
717 2609 799 2675 lugam
