1800 2942
77 90 80 97 ’
146 127 195 175 crs
289 121 573 173 insumimus
591 120 683 177 cns.

145 251 250 302 sesami'
267 254 313 311 sit3
331 254 527 301 “intercessurum
549 252 624 309 etism
641 253 700 301 siin
717 252 818 315 pristini

146 317 233 368 saeviti
242 325 384 381 perseveret:
403 318 464 379 quod
474 319 493 364 si
501 332 566 380 pares
576 333 602 365 se
611 319 736 366 crudelitati
745 335 816 368 seue·

145 393 220 433 torum
237 385 400 437 arbitrarentur,
419 384 532 430 abiturum
555 398 607 430 cusu
628 384 736 431 militibus
757 386 817 441 susis,

109 502 114 511 ¹
145 465 218 510 neque
226 449 328 496 civilibus
338 448 453 494 discordiis
462 447 635 495 interfuturum:
646 449 681 495 sin
689 464 746 496 vero
754 450 816 496 diffi-

145 515 200 562 dant
210 515 293 561 viribus
303 514 405 576 propriis,
416 513 523 560 vindictae
534 528 559 559 se
569 514 652 559 civium
663 529 709 560 non
721 513 816 562 defutu-

145 595 205 626 rnm.
237 578 336 625 Proinde
346 578 466 625 cousulant
476 579 517 624 sibi
528 578 583 639 ipsi:
598 579 693 640 jubeant
707 579 769 626 abire
781 595 814 636 se,

143 659 174 692 au
190 644 269 691 malint
285 659 359 691 causae
372 642 485 706 popularis
494 643 580 689 socium
591 641 731 690 remanere.'‘
765 643 816 692 His

144 710 218 756 verbis
229 708 347 756 sollicitata
356 709 419 770 plebs
426 722 540 754 summum
548 707 576 754 ad
583 722 636 753 eum
645 708 764 770 imperium
773 710 815 756 de-

145 773 205 830 sert3
223 779 247 819 et
258 773 310 818 dnm
326 772 418 820 senatiis
436 773 544 833 potentie
559 772 668 825 irascitur,
679 774 702 819 in
715 774 816 822 servitu-

145 844 192 885 tem
203 853 228 885 se
238 838 363 898 tyrannicae
372 837 531 883 dominationis
542 852 593 884 cum
604 838 738 900 conjugibus
748 845 774 884 et
785 839 815 885 li·

144 902 203 951 beris
219 902 294 948 tradit.
325 900 399 963 Igitur
418 899 542 949 Clearchus
554 903 679 964 ‚sexaginta
696 909 814 953 senatores

144 967 318 1028 comprehensos
329 965 393 1028 (uam
411 967 488 1013 caeteri
504 967 527 1012 in
539 965 618 1028 fugam
637 966 715 1028 dilapsi
734 968 813 1030 eruut)

144 1033 168 1078 in
183 1030 273 1077 vincula
287 1030 418 1092 compingit
450 1029 535 1083 Laemri
557 1031 626 1092 plebs,
642 1031 702 1092 quod
721 1048 735 1078 a
754 1033 815 1087 duce

143 1096 285 1159 potissimum
302 1103 429 1142 amatorum
446 1103 538 1143 senatus
554 1096 673 1153 deleretur,
700 1094 814 1159 versique

79 1214 80 1217 Ἴ
144 1161 201 1213 vioe,
221 1160 328 1207 auxilium
346 1161 465 1207 commin
480 1161 573 1207 exitium
591 1175 726 1207 conversum
744 1172 814 1210 esset.

145 1225 235 1281 Quibus
245 1225 298 1273 mm
306 1232 402 1272 mortem
411 1225 494 1286 passim
503 1225 606 1272 omnibus
613 1228 717 1283 minatur,
726 1228 814 1277 cariora

141 1307 222 1338 ,eorum
234 1291 305 1353 pretia
321 1290 388 1337 iacit:
408 1290 517 1350 siquidem
535 1287 663 1345 Clearchus,
675 1289 760 1354 magni
770 1308 812 1354 pe-

143 1354 211 1403 cunii
233 1357 296 1417 qussi
312 1357 379 1401 minis
395 1355 472 1416 populi
485 1355 572 1401 occulte
588 1369 627 1401 eos
643 1356 812 1419 subtracturus)

212 1357 241 1476 ti
259 1420 365 1482 spoliatos
375 1419 472 1466 fortunis
482 1417 530 1466 riti
540 1435 628 1480 quoque
639 1420 751 1482 spoliavit.

144 1435 217 1533 mii.
242 1483 343 1547 chnito
361 1485 448 1537 deinde,
467 1485 528 1544 quod
541 1484 623 1530 bellum
635 1485 676 1531 sibi
691 1485 719 1532 ab
733 1487 760 1533 iis
771 1486 810 1546 qui

143 1550 295 1614 profugerant,
306 1547 457 1597 misericordiis
465 1549 490 1594 in
500 1549 606 1596 aunuum
618 1550 744 1598 sollicitatis
754 1551 811 1599 ciri·

143 1616 234 1672 tatibus,
250 1623 372 1677 pararetur,
388 1629 466 1661 servos
476 1629 554 1660 eorum
566 1615 706 1660 manumittit
711 1632 719 1672 3
737 1623 767 1670 et,
780 1631 810 1662 ne

143 1680 197 1740 quid
207 1679 260 1726 mali
271 1679 359 1726 afflictis
373 1678 536 1727 honestissimis
546 1678 648 1727 domibus
659 1679 754 1735 deesset,
767 1695 809 1727 ux·

138 1758 196 1791 ⁴ores
214 1757 293 1789 eorum
309 1742 411 1804 filiasque
426 1744 510 1790 nubere
529 1744 600 1790 servis
619 1744 672 1797 suis,
695 1743 809 1806 propositi

142 1807 297 1855 recusantibus
307 1815 387 1861 morte,
398 1808 518 1870 compellit,
539 1815 613 1855 utens
624 1809 665 1855 sibi
675 1807 772 1864 fidiores,
784 1816 809 1856 et

144 1872 241 1922 dominis
257 1872 383 1918 infestiores
397 1872 507 1920 redderet
541 1873 585 1920 Sed
596 1875 704 1920 matronis
716 1881 762 1921 tam
772 1874 809 1920 lu-

175 1939 226 1985 bres
241 1937 326 1999 nuptiae
340 1937 458 1998 graviores
472 1938 595 2000 repentinis
610 1936 725 1985 funeribus
738 1937 810 1987 fuere.

142 1953 224 2064 fflque
234 2001 312 2050 multe
323 2016 347 2049 se
358 2009 411 2048 ante
422 2003 518 2065 nuptias,
529 2003 607 2051 multae
617 2003 641 2049 in
652 2003 707 2065 ipsis
717 2005 808 2066 nuptiis,

142 2068 225 2117 occisis
234 2067 296 2131 prius
307 2067 372 2114 novis
382 2068 475 2122 maritis,
487 2066 631 2121 interficiunt,
643 2075 667 2114 et
678 2083 703 2114 se
713 2076 759 2115 tam
770 2068 808 2115 iu-

143 2134 214 2187 nestis
221 2133 389 2187 calamitatibus,
401 2134 484 2179 virtute
495 2134 587 2195 ingenui
597 2133 695 2195 pudoris,
705 2134 809 2195 eripiunt.

143 2194 254 2245 Proelium
272 2198 352 2245 deiude
370 2199 533 2254 committitur3
544 2213 594 2258 ⁴quo
608 2198 681 2244 victor
699 2205 808 2258 tyrsum

142 2262 243 2323 cspfivos
253 2270 368 2310 senatores
377 2264 401 2309 in
412 2263 518 2324 triumphi
526 2263 617 2309 modum
628 2278 669 2324 per
676 2277 717 2308 ora
724 2264 807 2313 civium

142 2326 218 2386 trahit.
233 2325 350 2374 Reversus
360 2329 384 2373 iu
395 2328 480 2381 urbem,
490 2327 547 2375 alios
557 2327 634 2381 vincit,
647 2335 738 2388 torquet
744 2327 806 2383 elios,

139 2389 198 2437 alios
208 2392 303 2439 occidit:
322 2392 397 2441 nullus
406 2392 471 2439 locus
481 2392 541 2439 urbis
552 2407 565 2438 a
576 2391 708 2439 crudelitate
718 2392 808 2453 tyrsum

141 2462 215 2502 vacat.
247 2455 344 2503 Accedit
359 2457 453 2505 saevitiae
468 2457 594 2512 insolentia,
610 2456 736 2505 crudehtati
747 2472 809 2504 arro

141 2521 226 2583 gantis.
258 2516 376 2568 Interdum
395 2537 425 2568 ex
443 2537 548 2568 successu
564 2521 679 2568 eontinuae
695 2520 808 2573 felicitatis

141 2584 280 2633 obliviscitur
301 2599 326 2632 se
346 2586 476 2643 bominem3
493 2586 604 2637 interdum
618 2584 686 2634 Jovis
698 2601 724 2634 se
736 2585 807 2635 filium

137 2648 209 2715 ,dicitu
234 2649 306 2715 Enati
314 2664 357 2713 ,per
366 2650 480 2721 publicum
491 2666 559 2707 aures
568 2650 648 2714 aquia
664 2651 730 2710 velut
738 2665 808 2715 argu·
