1800 2942
151 174 200 219 382
239 169 379 220 JUSTINI
395 170 447 219 Lm.
460 166 613 258 xxxvnt
629 166 721 219 Car-5.

152 314 193 363 per
204 298 323 361 Illyricum
334 299 499 362 Thraciamque
514 300 646 363 prodierint,
662 313 729 361 prena
740 314 835 361 opero-

151 365 199 413 sius
219 367 318 414 transitis
334 382 412 414 eorum
428 366 517 419 fluibus,
537 380 612 427 quam,
633 365 670 411 ubi
688 363 832 421 scandere,

151 432 269 493 possessis.
300 431 354 480 Jam
371 434 443 494 ipsam
455 431 544 477 ltaliam
560 430 638 477 audire
655 444 679 475 se
697 445 833 491 nunquam,

150 503 177 543 ut
187 495 263 543 Roma
272 497 363 544 condita
373 499 409 551 sit,
427 497 482 543 satis
498 496 530 541 illi
549 503 658 557 pacatam,
675 495 717 540 sed
730 496 833 543 assidrae

149 575 191 623 per
201 575 281 608 omnes
291 576 362 609 annos
373 577 414 623 pro
425 561 530 607 libertate
546 561 608 615 alios,
625 560 734 621 quosdam
752 562 827 607 εῐίιω

149 640 192 687 pro
199 626 252 686 J'ure
262 626 356 688 imperii,
372 626 436 673 bellis
453 626 566 673 continuis
581 623 757 686 perseveraisse5
776 633 801 672 et
811 641 828 673 a

151 690 229 737 muris
239 691 367 738 civitatibus
384 689 458 738 Italiae
475 690 562 737 deletos
576 690 735 737 Romanorum
755 704 826 738 exer·

150 755 209 801 citus
219 754 286 811 ferro,
298 773 311 803 a
321 757 453 817 quibusdam
465 772 525 803 novo
536 755 681 802 contumeliae
696 770 765 802 more
781 757 826 802 sub
893 775 894 794 i

146 821 230 883 jugum
242 822 330 868 missos„
363 821 400 868 Ac
419 837 449 868 na
465 822 578 869 veteribus
591 821 726 867 immoretur
741 835 824 867 exem·

148 883 199 947 plis,
210 885 254 930 hcc
264 886 314 945 ipso
326 891 426 948 ternpore
441 886 568 933 universam
581 883 670 932 ltaliam
680 886 740 932 bello
752 885 821 932 Mar·

150 949 198 996 sico
210 950 383 1006 consurrexisse,
398 966 445 998 non
456 953 505 1015 jam
520 951 653 1004 libertatem,
668 951 709 997 sed
725 966 820 997 consor·
858 1009 861 1014 θ

150 1013 206 1059 tium
220 1015 307 1075 imperii
325 1016 474 1078 civitatisque,
493 1024 632 1078 poscentem.
663 1015 717 1062 Nec
727 1017 821 1077 gravius

150 1077 225 1124 vicino
245 1077 319 1127 Italiae
334 1081 392 1128 bello
409 1096 477 1141 quam
489 1082 617 1128 domesticis
627 1081 756 1142 principum
772 1080 820 1127 fac·

150 1141 248 1190 tionibus
259 1144 344 1192 Urbem
359 1148 438 1209 premi,
456 1147 574 1207 multoque
584 1146 733 1208 periculosius
743 1160 822 1193 acces·

148 1207 206 1255 sisse
222 1207 303 1257 Italico
325 1212 390 1259 civile
411 1211 502 1259 bellum.
536 1212 609 1259 Simul
625 1219 648 1256 et
665 1227 680 1257 a
694 1208 823 1258 Gennanib

149 1269 262 1330 Cimbros,
282 1278 392 1323 immensa
410 1276 481 1323 millia
496 1275 594 1323 ferorum
612 1283 680 1336 atque
695 1276 818 1323 immitium

150 1339 291 1400 populorum,
303 1356 366 1387 more
376 1341 489 1403 procellas,
501 1339 623 1388 inundisse
634 1339 740 1387 Italiam:
759 1357 818 1402 quc·

147 1417 198 1449 rum
214 1406 302 1451 tametsi
314 1407 403 1468 singula
413 1406 472 1452 bella
482 1408 594 1453 sustinere
604 1404 705 1452 Romani
715 1415 819 1467 possent,

145 1468 257 1516 universis
269 1477 344 1517 tamen
355 1472 485 1528 obruantur,
501 1479 527 1518 ut
539 1486 569 1518 ne
586 1479 706 1518 vacaturos
724 1472 817 1532 quidem

143 1532 203 1580 bello
215 1551 256 1581 suo
268 1543 339 1596 putet.

177 1596 209 1644 V.
226 1606 241 1630 “
254 1599 371 1647 Utendum
384 1601 455 1662 igitur
471 1601 596 1655 occasione,
613 1608 638 1648 et
652 1601 760 1663 rapienda
779 1602 816 1648 in·
893 1609 894 1618 ¹

143 1675 259 1711 crementa
275 1666 372 1724 virium3
390 1682 425 1721 ne,
444 1667 463 1714 si
482 1667 527 1713 illis
544 1666 659 1728 occupatis
678 1666 815 1726 quieverint,
893 1675 894 1690 ³

142 1741 198 1773 mox
208 1730 315 1776 adversus
332 1746 415 1779 vacuos
426 1738 449 1778 et
460 1733 549 1792 quietos
559 1733 632 1793 mrajus
643 1732 762 1792 negotium
775 1732 816 1778 bs-

142 1792 219 1838 beant.
251 1792 307 1839 Non
318 1797 378 1841 enim
388 1797 466 1856 quaeri,
478 1812 506 1843 an
515 1796 624 1857 capienda
634 1797 681 1841 sint
691 1811 761 1850 arma,
774 1796 817 1843 sed
893 1791 894 1802 ¹

141 1864 217 1903 uuum
225 1857 347 1920 subpotius
355 1863 481 1917 occasione,
493 1876 522 1907 an
531 1861 626 1907 illorum
657 1859 719 1907 Nam
728 1860 814 1907 bellum

140 1922 243 1981 equidem
251 1924 301 1985 jam
312 1930 366 1970 tunc
377 1941 455 1972 secum
466 1927 494 1972 ab
506 1925 550 1972 illis
565 1926 616 1986 geri
631 1933 741 1986 coeptum,
759 1941 814 1972 cum

138 1987 181 2045 sibi
202 1988 287 2050 pupillo
308 1990 415 2051 majorem
436 1991 561 2053 Phrygiam
583 1990 717 2045 ademerint,
743 2006 812 2051 quam
893 2051 894 2056 ¹

74 2071 76 2074 ·
136 2053 195 2112 patri
206 2054 376 2116 suo-praemium
389 2055 434 2102 dati
445 2056 553 2102 adversus
564 2054 720 2102 Aristonicum
733 2056 813 2102 auxilii

137 2128 302 2173 concesserant,
314 2129 406 2181 gentem
417 2115 518 2182 qusm'et
529 2135 614 2182 proavo
626 2135 669 2166 suo
678 2120 810 2168 Mithridati

138 2180 247 2230 Seleucus
259 2182 383 2232 Callinicus
400 2186 422 2231 in
440 2185 516 2232 dotem
532 2185 638 2232 dedisset
672 2183 744 2241 Quid,
757 2200 811 2233 cum

138 2241 294 2309 Paphlagonii
304 2265 329 2295 se
340 2250 447 2296 decedere
453 2250 573 2313 Jusserint,
584 2264 630 2296 non
643 2249 741 2296 alterum
755 2251 815 2300 illud

134 2322 209 2369 genus
220 2312 272 2357 belli
282 2312 369 2378 fuisse?
386 2330 436 2375 quae
447 2331 494 2361 non
506 2316 535 2368 vi,
548 2315 679 2372 consumis,
689 2315 730 2361 sed
737 2317 819 2379 adop·v

136 2373 199 2419 tione
214 2379 351 2434 testamenti,
367 2386 391 2425 et
408 2395 488 2441 regum
508 2380 684 2426 domesticorum
705 2381 809 2436 interitu,

134 2436 277 2486 haereditaria
295 2444 409 2503 patrituo
428 2445 572 2491 obvenisset:
592 2459 651 2498 cum,
671 2444 734 2491 inter
749 2446 810 2492 hanc

133 2499 275 2549 decretorum
296 2507 475 2563 amaritudinem,
492 2509 600 2570 parendo,
616 2523 663 2554 non
675 2517 756 2557 tamen
766 2525 808 2558 ecs

131 2564 247 2627 mitigdrit,
262 2569 317 2628 quin
328 2572 428 2619 acerbius
440 2589 465 2619 se
474 2574 499 2619 in
513 2574 561 2620 dies
576 2581 666 2635 gerant,
685 2570 747 2636 [non
765 2576 807 2622 ob·

127 2626 241 2693 tinuisse}
274 2632 343 2686 Quod
357 2635 418 2682 enim
430 2652 481 2683 ase
497 2652 543 2684 non
559 2638 680 2699 praebitum
697 2637 743 2685 illis
763 2640 805 2686 ob-
893 2663 894 2686 ι

128 2691 248 2750 sequium?
276 2710 323 2745 non
350 2696 485 2763 Phrygiam,
513 2701 741 2766 Paphlagoniamque
769 2705 805 2752 di·
