1800 2942
181 592 369 689 susurru
392 622 658 690 remmio.

84 808 146 860 Cusr
157 810 224 857 multi
235 825 265 857 ex
275 810 393 866 Romanis,
412 813 480 860 etiam
497 812 620 861 consuleris
637 811 754 875 dignitatis

83 892 133 947 viri,
153 906 191 938 res
208 890 326 939 Romanas
338 893 422 940 Graeoo
437 894 603 956 peregrinoque
614 909 718 941 sermone
729 895 754 941 iu

82 972 202 1019 historiam
221 973 374 1028 contulissent,
392 975 440 1022 sive
451 975 595 1022 emulatione
606 975 694 1038 glorier,
705 975 754 1022 sive

82 1056 194 1101 varietate
212 1061 236 1102 et
257 1058 357 1104 novitate
376 1056 449 1118 operis
469 1056 599 1112 delectatus,
617 1058 651 1104 vir
672 1057 755 1118 priseoe

82 1122 227 1197 elopuentiae,
243 1135 335 1200 Trogus
347 1129 477 1200 Pompeius,
491 1126 592 1192 Graeees,
601 1145 624 1184 et
634 1137 704 1185 totius
715 1151 754 1184 or·

82 1214 117 1262 bis
135 1216 249 1273 historias,
267 1216 351 1264 Latino
369 1232 474 1265 sermone
490 1217 633 1280 eomposuit;
650 1224 682 1273 ut,
700 1232 753 1264 cum

83 1304 163 1344 nostre
173 1297 264 1354 Graeoe,
277 1299 361 1346 Graeos
371 1313 461 1361 quoque
471 1296 548 1344 nostri
558 1295 639 1359 lingui
645 1297 691 1360 legi
699 1313 754 1360 pos-

83 1387 148 1437 sent;
165 1395 258 1441 prorsus
269 1395 316 1428 rem
327 1381 405 1442 magni
416 1386 440 1427 et
450 1366 519 1426 animi
530 1387 554 1425 et
569 1377 643 1441 operis
658 1393 753 1441 aggres-

82 1475 128 1507 sus.
162 1458 232 1517 Nam,
251 1476 303 1508 oum
322 1461 434 1524 plerisque
455 1461 589 1515 auctoribus,
610 1459 753 1523 singulorum

82 1556 164 1604 regum
181 1542 220 1589 vei
235 1543 369 1605 populorum
387 1558 423 1590 res
438 1551 516 1606 gestas
527 1541 680 1596 scribentibus,
697 1556 754 1605 opus

82 1638 149 1670 suum
161 1623 224 1670 ardui
235 1622 316 1670 laboris
327 1623 436 1678 videatur,
454 1637 530 1670 nonne
550 1622 613 1669 nobis
627 1620 754 1684 Pompeius

83 1701 202 1750 Herculei
218 1702 312 1751 oudoer
329 1704 406 1751 orbem
425 1709 535 1750 terrarum
550 1718 671 1766 aggressus
682 1704 754 1752 videri

82 1784 150 1832 debet
156 1801 164 1842 ς
176 1785 241 1847 eujus
251 1784 313 1831 libris
323 1785 424 1832 omnium
432 1783 573 1841 saeculorum,
585 1800 672 1848 regum,
679 1786 754 1834 notio-

83 1882 145 1924 num,
156 1867 342 1930 populorumque,
353 1882 389 1913 res
399 1874 472 1929 gestae
483 1865 644 1914 continentur?
661 1865 755 1928 thuae

82 1948 184 1995 historici
203 1948 345 2002 Graeeorum,
364 1953 431 2009 prout
449 1947 593 1995 commodum
612 1947 693 2009 cuique
702 1946 754 2004 fuit,

83 2028 142 2077 iuter
152 2029 324 2091 sesegregstim
339 2035 511 2091 occupaverunt,
529 2028 618 2076 omissis
637 2043 688 2090 quae
705 2029 754 2078 sine

82 2108 158 2157 fructu
169 2117 242 2165 erent,
258 2124 286 2156 ea
296 2110 372 2156 omnis
384 2108 514 2171 Pompeius,
526 2109 597 2157 divise
608 2109 751 2170 temporibus,

83 2196 107 2236 et
125 2190 185 2237 serie
204 2203 280 2237 rerum
299 2189 393 2252 digestu,
412 2190 546 2252 composuit.
578 2187 670 2236 Horum
683 2191 754 2254 igitur

83 2277 180 2332 quatuor
201 2278 225 2318 et
247 2270 396 2332 quodraginta
413 2270 556 2317 voluminum
576 2270 640 2334 (nsm
658 2272 753 2320 totidem

84 2351 163 2413 edidit)
175 2367 216 2414 per
226 2351 307 2406 otium,
318 2366 362 2412 quo
373 2351 397 2398 in
404 2349 469 2399 Urbe
479 2352 631 2412 versabamur,
640 2355 753 2416 cognitio·

84 2448 114 2495 ue
123 2449 221 2495 queque
231 2433 365 2495 dignissime
374 2433 491 2494 excerpsi5
508 2440 539 2491 et,
548 2434 637 2481 omissis
648 2435 690 2490 bis,
702 2450 755 2497 qun
845 2436 846 2439 ’

84 2514 127 2561 n'ee
148 2513 302 2577 cognoscendi
323 2514 440 2576 voluptate
457 2515 565 2578 jucunde,
585 2531 628 2564 nee
649 2520 754 2580 exemplo

83 2592 149 2641 eraut
166 2595 299 2650 necessaris,
315 2594 385 2642 breve
402 2595 474 2642 veluti
495 2594 577 2643 florum
596 2598 754 2659 corpusculum

83 2671 143 2735 feti3
160 2682 186 2725 ut
199 2676 342 2726 haberentet
358 2675 397 2738 qui
416 2675 500 2725 Graecs
510 2675 646 2734 didicissent,
657 2690 702 2738 quo
713 2676 753 2724 ad-

546 2769 562 2802 o
651 2778 654 2781 *
690 2774 693 2789 ·
