1800 2942
189 179 327 234 JUSTINI
343 180 397 229 Lm.
408 179 536 232 XXXIX.
553 181 614 233 Car.
624 188 650 235 5.
705 192 753 236 398

82 311 231 377 soelo'regni,
241 312 289 359 lilio
299 311 432 369 Ptolemaeo,
443 312 551 375 populum
561 314 585 361 in
596 329 648 362 eum
659 315 751 375 incitat3

82 377 225 440 abductique
242 379 262 425 ei
278 377 359 425 Selene
374 391 455 436 uxore,
470 394 498 424 eo
513 378 636 440 indignius,
649 381 710 442 quod
722 395 753 428 ex

84 443 170 493 Selene
175 445 224 505 jam
236 443 292 490 duos
302 441 361 489 filins
372 442 472 497 habebat,
483 443 586 490 exsulare
596 445 666 507 cogit,
677 460 751 492 arces·

83 510 133 557 aito
148 510 236 555 minore
245 506 292 553 filio
303 507 441 562 Alexandro,
459 514 482 553 et
493 522 547 569 rege
556 509 580 554 in
590 508 666 555 locum
676 509 752 558 fratris

84 574 226 622 constituto:
254 588 295 619 nec
316 570 387 618 fitium
409 587 480 635 regno
502 572 615 634 expulisse
636 581 752 633 contenta,

83 638 148 688 bello
165 635 236 700 Cypri
255 636 395 684 exsulantem
413 637 559 699 persequitur.
593 637 662 685 Unde
679 639 753 702 pulso,

83 701 194 751 interficit
213 703 293 749 ducem
308 702 421 749 exercitlls
436 703 478 757 sui,
498 703 558 762 quod
573 703 651 749 vivum
670 719 722 750 eum
739 719 753 751 e

84 768 191 816 manibus
210 766 345 824 dimisisset3
367 781 501 827 quamquam
521 766 665 824 Ptolemaeus,
687 783 753 816 vere-

85 830 171 879 oundid
181 832 277 879 materni
286 832 345 887 belli,
356 846 403 878 noa
411 833 495 879 viribus
505 833 586 891 minor,
598 834 625 880 ab
636 832 753 881 insuldre-

86 898 202 944 cessisset.
233 891 309 959 Igitur
320 896 456 953 Alexander
465 898 555 945 territus
566 899 608 945 hae
618 899 696 946 matris
701 914 754 946 oru-

86 962 187 1018 delitate,
204 967 227 1008 et
237 962 285 1023 ipse
299 976 349 1007 eam
362 961 458 1021 reliquit,
469 962 594 1023 periculoso
605 978 677 1026 regno
688 978 754 1011 secu·

86 1042 139 1074 ram
156 1041 182 1073 ao
199 1034 270 1073 tutam
290 1026 359 1072 vitam
375 1033 522 1088 anteponens.
554 1025 675 1090 Cleopatra
689 1044 752 1083 vero,

86 1091 180 1148 timens,
188 1091 226 1154 'ne
242 1091 314 1153 major
327 1088 386 1136 filius
397 1089 537 1137 Ptolemaeus
552 1092 580 1137 ab
591 1090 709 1152 Cyziceno
726 1093 754 1140 ad

77 1154 264 1218 ‘recuperandam
276 1155 405 1217 AEgyptum
416 1155 505 1201 auxiliis
511 1156 636 1216 juvaretur,
653 1157 755 1219 ingentia

89 1222 174 1283 Grypo
190 1221 279 1277 auxilia,
297 1226 320 1266 et
336 1220 432 1266 Selenen
447 1234 547 1275 uxorem,
564 1226 683 1281 nupturam
694 1222 755 1268 hosti

85 1286 171 1351 prioris
182 1285 262 1338 mariti,
279 1285 349 1330 mittit
353 1300 361 1341 ς
379 1283 578 1346 Alexandrumque
589 1284 659 1330 lilium
669 1301 710 1348 per
720 1285 754 1333 le·

87 1359 158 1414 gatus
169 1350 194 1396 in
208 1364 303 1411 regnum
314 1356 419 1395 revocata
439 1349 476 1395 cui
492 1363 544 1395 oum
560 1350 653 1396 occultis
669 1350 755 1397 insidiis

88 1416 185 1464 exitium
203 1415 373 1467 machinaretur,
389 1420 497 1475 occupata
514 1414 632 1460 abeodem
647 1413 754 1461 interfici·

88 1488 145 1538 tur;
167 1479 314 1540 spiritumque
332 1494 379 1525 non
396 1478 450 1533 sato,
473 1478 512 1525 sed
529 1478 653 1540 parricidio,
675 1479 752 1528 dedit:

87 1545 161 1607 digna
170 1558 262 1607 prorsus
272 1545 314 1590 hac
324 1543 403 1589 mortis
412 1542 512 1598 infamia,
523 1558 574 1604 quae
585 1544 652 1589 etiarn
659 1551 754 1591 matrem

87 1619 143 1658 toro
159 1608 260 1671 expulit;
276 1617 299 1653 et
316 1608 371 1654 duas
388 1605 444 1654 filias
460 1607 539 1654 viduas
556 1607 642 1654 alterno
658 1607 754 1656 fratrum

89 1674 236 1724 matrimonio
246 1671 314 1729 sesit3
331 1679 354 1719 et
364 1671 411 1719 illio
421 1672 486 1718 alteri
496 1672 520 1718 in
531 1672 634 1719 exsilium
645 1680 696 1720 acto
705 1673 754 1721 bel·

89 1740 141 1788 lum
155 1738 237 1793 intulit,
254 1737 317 1784 alteri
332 1731 408 1800 erepto
423 1751 495 1799 regno
509 1737 602 1784 exitium
613 1753 653 1800 per
664 1738 755 1787 insidias

92 1803 222 1853 machinata
232 1808 275 1849 est.
595 1812 601 1829 ⁸

126 1866 158 1914 V.
174 1867 219 1915 Sed
230 1882 273 1914 nec
283 1865 414 1912 Alexandro
427 1866 501 1914 eaedes
514 1873 561 1913 tanr
574 1866 671 1915 nefanda
684 1869 756 1916 inulta

90 1933 145 1982 rus
176 1930 245 1987 Nam,
257 1932 293 1977 ubi
305 1931 401 1992 primum
412 1938 551 1992 compertum
563 1939 605 1989 est,
622 1934 706 1980 scelere
716 1932 755 1979 tilii

92 2004 191 2046 matrem
208 1995 356 2050 interiectam,
378 2011 490 2043 concursu
510 1997 587 2059 populi
607 1997 632 2042 in
651 1997 756 2044 exsilium

91 2063 176 2125 agitur,
188 2068 336 2121 revocatoque
346 2060 473 2108 Ptolemaeo
484 2076 579 2123 regnum
588 2061 686 2107 redditur
695 2079 702 2120 ;
718 2062 756 2123 qui

93 2141 169 2187 neque
187 2140 239 2172 curn
258 2133 329 2172 matre
346 2126 430 2172 bellum
449 2141 528 2187 gerere
547 2124 586 2171 vol
601 2126 663 2180 sset,
681 2140 724 2172 nee
743 2141 758 2175 a

92 2191 165 2241 fratre
174 2191 242 2237 armis
253 2197 359 2252 repetere,
375 2190 436 2250 quod
446 2190 507 2251 prior
517 2205 546 2251 po
598 2191 659 2237 'sset
691 2189 758 2237 Dunr

93 2258 146 2305 lraec
163 2263 267 2317 aguntur,
282 2253 352 2302 frater
368 2255 423 2317 ejus,
442 2269 472 2301 ex
486 2254 564 2316 pellice
580 2262 703 2316 susceptus,
721 2255 757 2304 cui

93 2328 160 2385 pater
182 2318 323 2380 Cyrenarum
350 2334 445 2381 regnum
473 2325 609 2366 testamento
630 2320 757 2381 reliquerat,

93 2385 185 2433 herede
205 2385 287 2446 populo
308 2382 414 2430 Romano
435 2384 545 2439 instituto,
568 2383 661 2431 decedit
704 2384 758 2433 Jam

93 2450 157 2497 enim
173 2447 264 2496 lortuna
281 2448 387 2496 Romana
406 2449 521 2510 porrigere
540 2464 564 2495 se
586 2449 614 2496 sd
636 2449 760 2497 Orientalia

95 2528 174 2576 regna,
191 2529 238 2561 nun
249 2521 355 2560 contenta
366 2510 439 2560 Italiae
450 2515 558 2568 terminis,
568 2522 674 2577 coeperat.
710 2512 759 2561 Ita·

113 2594 142 2626 ue
156 2586 180 2626 et
194 2593 222 2625 ea
236 2594 287 2641 pars
306 2576 387 2638 Libye
405 2578 520 2638 provincia
537 2577 597 2626 sacta
614 2588 663 2626 est:
682 2586 761 2641 postea

95 2595 170 2692 ἔνθα
178 2641 308 2704 Ciliciaque,
317 2642 410 2704 piratico
418 2642 477 2689 bello
484 2643 621 2705 perdomitae,
633 2645 656 2690 in
663 2644 760 2692 formam

96 2708 221 2772 provincie
231 2708 370 2770 rediguntur.
403 2705 457 2761 Quo
471 2706 532 2756 tacto
546 2715 570 2755 et
585 2709 658 2771 Syriae
675 2717 698 2756 et
715 2708 760 2757 AE·
