1800 2942
255 541 258 542 f
305 478 496 580 susurru

72 625 372 770 'ursronrunuu
392 664 712 727 rusurrrrosnuu

182 846 290 896 LIBER
306 844 617 903 QUADRAGESIMUS.

103 1125 124 1175 Ι.
142 1125 242 1174 Mnuurs
252 1126 347 1174 fratrum
359 1125 423 1182 odiis,
441 1132 464 1172 et
479 1139 534 1171 mox
549 1124 600 1169 liliis
615 1125 737 1173 inimicitiis

65 1199 190 1259 parentum
201 1192 376 1246 succedentibus,
393 1206 445 1237 cum
460 1190 586 1250 inexpiabili
597 1189 655 1236 bello
666 1195 690 1235 et
700 1205 736 1236 re-

65 1273 120 1323 ges,
137 1262 161 1303 et
172 1272 268 1319 regnum
279 1256 353 1317 Syriae
364 1261 507 1302 consumtum
522 1262 589 1308 esset,
605 1254 633 1300 ad
644 1261 738 1302 externa

66 1321 168 1387 populus
184 1322 267 1368 auxilia
283 1320 403 1374 concurrit.
423 1320 597 1381 peregrinosque
614 1319 654 1364 sibi
672 1334 739 1381 reges

68 1387 244 1447 circumspicere
260 1386 335 1448 coepit,
367 1383 448 1445 Itaque
464 1399 514 1429 cum
527 1399 578 1446 pars
590 1383 739 1430 Mithridaten

69 1452 203 1506 Ponticum,
211 1466 263 1513 pars
272 1449 421 1497 Ptolemaeum
433 1450 460 1495 ab
468 1448 573 1510 AEgypto
580 1449 738 1495 arcessendum

69 1522 191 1572 censeret;
209 1523 381 1575 occurreretque
392 1515 452 1575 quod
463 1513 608 1559 Mithridates
618 1514 739 1575 implicitus

69 1580 134 1630 bello
146 1580 251 1627 Romano
263 1587 328 1635 esset,
338 1579 477 1627 Ptolcmaeus
488 1594 576 1638 quoquc
588 1593 675 1639 semper
684 1580 738 1626 hos-

70 1647 104 1694 tis
118 1644 202 1698 fuisset,
218 1645 305 1707 Syriae3
317 1673 318 1676 =
328 1659 407 1691 omnes
422 1645 446 1690 in
464 1641 581 1705 Tigranen
596 1658 673 1704 regem
691 1642 738 1691 Ar·

70 1711 157 1759 meniae
175 1707 318 1764 consensere,
339 1710 481 1762 instructum,
503 1715 586 1769 praeter
605 1708 739 1757 domesticas

70 1777 142 1828 vires,
160 1782 183 1821 et
194 1773 299 1822 Parthica
310 1774 423 1826 societate,
440 1782 464 1819 et
475 1771 614 1819 Mithridatis
625 1773 739 1823 affinitate.

72 1839 152 1904 Igitur
168 1841 252 1886 accitus
267 1840 290 1884 in
301 1853 396 1901 regnum
408 1838 487 1899 Syriae,
504 1853 544 1899 per
560 1838 683 1885 octodecim
699 1854 740 1887 an·

73 1920 119 1955 nos
135 1904 318 1965 tranquillissimo
338 1918 409 1965 regno
425 1904 510 1964 potitus
527 1911 576 1961 est;
591 1919 664 1964 neque
680 1904 740 1951 hello

74 1970 145 2018 aliurn
156 1969 272 2025 lacessere,
289 1983 363 2030 neque
373 1968 490 2015 lacessitus
504 1968 587 2015 inferre
598 1969 635 2014 alii
649 1969 740 2028 bellurp,

76 2049 173 2082 necesse
182 2034 266 2081 habuit.

111 2096 146 2145 11.
163 2098 209 2146 Sed
219 2099 278 2145 sicut
288 2098 315 2144 ab
325 2097 426 2145 hostibus
437 2103 486 2144 tuta
498 2096 564 2157 Syria
572 2096 621 2151 luit,
632 2097 665 2143 ita
675 2104 743 2146 terrra

76 2170 142 2211 motu
161 2158 249 2211 vastata
267 2168 314 2209 est:
339 2178 384 2223 quo
402 2169 494 2208 centum
513 2162 655 2223 septuaginta
672 2164 756 2211 millia'

77 2229 203 2284 hominum,
220 2235 243 2275 et
256 2227 334 2274 multae
345 2228 410 2273 urbes
420 2227 546 2289 perierunt:
566 2227 627 2286 quod
643 2228 743 2290 prodigi.

77 2308 118 2339 um
134 2294 281 2340 mutationem
292 2307 366 2338 rerum
377 2292 510 2353 portendere
526 2292 638 2353 aruspices
649 2308 743 2354 respon·
755 2309 757 2314 ·

78 2359 168 2405 derunt.
201 2356 276 2419 Igitur
286 2356 387 2419 Tigrane
398 2371 411 2402 a
422 2354 519 2402 Lucullo
533 2357 601 2410 victo,
618 2372 660 2403 rex
671 2358 745 2419 Syriae

78 2423 215 2478 Antiochus,
227 2420 338 2484 Cyziceni
348 2420 414 2475 filius,
432 2421 548 2467 abeodem
559 2419 657 2468 Lucullo
668 2424 745 2485 appel·

78 2488 146 2535 latur.
178 2487 230 2543 Sed,
247 2487 307 2548 quod
326 2484 436 2532 Lucullus
451 2486 548 2540 dederat,
567 2494 646 2548 postea
662 2488 747 2536 ademit

81 2551 221 2613 Pompeius;
237 2552 275 2614 qui
290 2552 392 2614 poscenti
408 2565 504 2613 regnum
520 2552 642 2612 respondit,
658 2566 688 2598 ne
703 2569 745 2600 vo·

79 2617 137 2664 lenti
153 2617 242 2677 quidem
260 2616 341 2677 Syriae,
357 2616 440 2662 nedum
460 2617 581 2672 recusanti,
598 2616 701 2662 daturum
722 2632 747 2663 se

81 2695 166 2744 regem,
179 2683 218 2743 qui
228 2681 353 2730 octodecim
360 2694 436 2736 annos,
448 2681 529 2741 quihus
536 2679 648 2744 Tigranes
657 2681 747 2743 Syriam
