1800 2942
94 138 205 190 cmm.
326 102 536 192 incursuum.¹
715 149 759 195 ιιι

91 278 184 333 peteret
202 271 276 334 magis
286 272 310 319 id
318 273 425 328 laborare,
440 281 468 321 ut
478 274 510 320 illi
521 288 588 335 quam
596 273 687 336 plurimi
694 275 762 323 debc-

92 344 158 383 rent:
167 338 222 399 joca
228 345 295 397 atque
301 340 360 385 seria
367 355 418 386 cum
425 340 563 387 humillumis
569 355 648 402 agere,
658 341 682 385 in
689 341 763 401 operi·

91 402 141 454 bus,
153 403 176 448 in
185 403 283 463 agmine,
291 411 358 463 atque
368 405 397 450 ad
409 405 506 466 vigilias,
520 406 605 452 multus
612 405 706 461 adesse;
720 419 763 452 ne-

91 481 137 526 que
153 467 244 513 interim
256 468 327 529 (quod
338 483 406 530 prava
418 470 510 515 ambitio
521 468 589 529 solet)
601 470 706 525 consulis,
722 477 762 517 aut

91 532 224 593 cujusquam
235 533 296 587 boui,
312 531 395 580 famam
406 535 489 580 laedere
496 551 504 591 ;
522 535 676 581 tantummodo
688 549 762 595 neque

90 597 187 643 consilio
203 611 277 657 neque
292 613 360 644 manu
377 599 473 660 priorem
488 599 555 645 alium
567 601 613 662 putl
645 600 762 661 plerosque

90 663 231 708 antevenire.
264 660 323 715 Quis
345 664 410 709 rebus
433 665 495 711 brevi
513 663 590 711 Mario
609 665 761 726 militibusque

91 727 229 773 carissumus
239 726 319 774 fuctus.
422 768 425 773 ,
723 774 726 777 .

121 789 231 840 XCVII.
247 791 406 855 AtJugurtha,
414 804 533 857 postquam
541 796 645 859 oppidum
655 793 759 858 Capsam,

89 856 192 917 aliosque
201 857 264 903 locos
274 860 374 905 munitos
384 870 408 905 et
418 861 460 907 sibi
472 862 539 915 utilis,
547 863 614 908 simul
620 868 645 907 et,
654 876 760 923 magnam
820 867 822 871 '

89 923 209 983 pecuniam
221 923 330 978 amiserat,
342 925 370 970 ad
381 924 499 972 Bocchum
507 928 598 973 nuntios
607 927 681 980 mittit,
691 940 758 985 quam

89 987 189 1048 primum
217 987 241 1033 in
271 987 403 1035 Numidiam
429 992 504 1052 copias
526 992 661 1049 adduceret3
684 989 759 1052 proelii

87 1049 188 1098 faciundi
199 1058 287 1114 tempus
298 1054 383 1100 adesse.
416 1054 493 1108 Quem
504 1056 541 1101 ubi
555 1057 655 1103 cunctari
666 1055 760 1117 accepit,

89 1112 182 1163 dubium
193 1117 245 1163 belli
255 1120 395 1179 atquepacis·
402 1121 500 1166 rationes
511 1123 609 1171 trahere,
628 1136 710 1175 rursus,
723 1119 757 1166 uti

87 1188 161 1237 antea,
183 1196 306 1243 proxumos
327 1184 392 1230 donis
413 1186 542 1245 corrumpit,
564 1186 649 1247 ipsique
674 1185 759 1232 Mauro

88 1246 208 1308 pollicetur
226 1246 343 1294 Numidiae
358 1255 445 1310 purtem
462 1250 557 1304 tertiam,
578 1250 597 1295 si
608 1258 645 1295 rut
658 1249 756 1296 Romani

88 1308 170 1357 Africi
180 1312 275 1374 expulsi,
283 1321 328 1367 aut,
339 1314 435 1375 integris
446 1314 493 1360 suis
500 1313 588 1366 finibus,
598 1313 680 1360 bellum
692 1329 755 1360 com·

86 1377 189 1438 positum
207 1377 273 1423 foret.
306 1378 448 1440 Eopraemlo
466 1374 553 1427 illectus
572 1377 684 1433 Bocchus,
703 1393 768 1424 cum·

85 1439 172 1503 magni
189 1443 332 1490 multitudine
348 1442 486 1505 ,Iugurtham
502 1443 595 1491 accedit.
627 1440 663 1489 Ita
679 1443 756 1490 ambo·

86 1521 138 1567 rum
161 1508 262 1553 exercitu
283 1510 410 1569 conjuncto,
434 1509 601 1571 Mariumjam
623 1509 646 1553 in
665 1508 757 1555 hiberna

85 1570 274 1633 proficiscentem,
289 1574 329 1619 vix
345 1572 433 1619 decimi
450 1582 514 1636 parte
531 1574 567 1620 die
583 1570 674 1633 reliqui,
691 1573 755 1620 invu-

86 1637 160 1693 (lunt;
184 1638 226 1683 rati
248 1645 346 1691 noctem,
371 1654 422 1699 quae
443 1641 492 1701 jam
519 1639 601 1693 aderat,
627 1638 693 1685 victis
714 1638 756 1685 sibi

84 1702 229 1748 munimento
239 1701 304 1761 fure;
321 1712 350 1757 et,
362 1704 381 1749 si
392 1704 505 1757 vicissent,
517 1704 579 1751 nullo
589 1703 756 1766 impedimento,

84 1767 140 1827 quin
150 1767 253 1813 locorum
264 1768 361 1814 scientes
371 1777 435 1814 erant
441 1786 449 1825 ;
461 1777 540 1815 contra
547 1768 657 1816 Romanis
667 1777 756 1815 utrum·
814 1766 816 1770 ⁴

85 1847 131 1893 que
148 1846 227 1878 casum
243 1833 382 1879 intenebris
401 1833 554 1881 difficiliorem.
594 1832 667 1896 igitur
689 1833 759 1881 simul

85 1896 168 1942 consul
186 1911 216 1943 ex
233 1898 310 1943 multia
327 1897 355 1943 de
372 1898 469 1944 bostium
486 1900 584 1946 adventu
599 1900 715 1961 cognovit,
732 1905 757 1944 et

85 1961 129 2023 ipsi
144 1961 223 2008 hoster
235 1962 341 2019 aderant;
358 1970 388 2016 et,
402 1963 531 2023 priusquam
548 1966 659 2011 exercitus
671 1970 710 2009 aut
720 1962 756 2009 in·

87 2026 153 2081 strui,
171 2036 212 2072 aut
229 2028 327 2073 sarcinas
338 2028 451 2089 colligere,
467 2028 563 2088 denique
578 2037 697 2088 antequam
708 2028 756 2088 sig-

86 2105 144 2136 num
164 2098 204 2137 aut
225 2093 341 2152 imperium
363 2093 434 2138 ullum
451 2094 553 2154 accipere
568 2093 647 2153 quivit,
669 2091 756 2152 equites

86 2155 168 2203 Mauri
178 2164 247 2217 atque
258 2156 351 2211 Gaetuti,
360 2172 405 2203 non
412 2158 460 2203 acie
471 2172 544 2217 neque
552 2158 599 2203 ullo
605 2170 668 2202 more
676 2157 755 2218 proelii

86 2221 128 2267 sed
146 2222 286 2275 catervatim,
304 2222 337 2267 uti
352 2237 453 2282 quosque
469 2220 517 2268 fors
534 2222 714 2282 conglobaverat,
732 2223 757 2268 in

85 2291 179 2333 nostros
202 2292 353 2332 concurrunt:
379 2288 418 2347 qui
436 2302 514 2332 omnes
533 2286 612 2348 trepidi
634 2286 756 2347 improviso

85 2358 158 2405 metu,
176 2365 203 2396 ac
214 2358 290 2396 umen
305 2351 395 2398 virtutis
411 2364 531 2407 memores,
548 2360 587 2397 aut
603 2366 665 2398 arma
682 2352 757 2413 copie·

85 2416 149 2468 bant,
166 2423 207 2461 aut
224 2416 332 2476 capientis
351 2416 407 2462 ulios
423 2417 451 2461 ab
474 2417 573 2463 hostibus
595 2415 755 2474 defensabant;

84 2493 140 2541 pura
156 2494 227 2540 equos
244 2481 371 2535 escendere,
389 2481 476 2526 obviarn
494 2481 527 2527 ire
543 2482 656 2528 hostibus:
680 2495 758 2542 pugna

85 2544 360 2606 iatrociniomagisquam
367 2545 447 2606 proelio
459 2545 538 2595 similis
545 2544 608 2592 fieri:
620 2546 668 2592 aine
677 2546 755 2606 siguis,

83 2608 264 2664 sineordinibus,
272 2610 466 2671 equitespedltes,
474 2610 685 2672 permixti5caedere
693 2608 756 2661 alios,

82 2672 142 2721 aliua
152 2674 301 2732 obtruncare5
318 2674 408 2731 multos,
425 2683 504 2721 contra
518 2674 626 2724 advorsus
640 2685 757 2720 acerrume
