1800 2942
154 173 187 218 62
379 171 582 223 JUGURTHA·
709 168 771 222 Otr.
783 176 826 223 29.

153 301 321 363 aggrediantur.
354 300 401 359 Qui
415 310 534 367 postquam
545 302 644 352 Romam
655 303 824 360 adventabant3

153 374 245 414 senatus
263 383 277 415 a
293 367 373 416 Bestid
391 370 515 423 consultus,
530 370 658 430 placeretne
672 369 762 431 legatos
777 367 824 417 Ju-

153 433 244 494 gurtha
265 434 333 496 recipi
351 436 480 483 mcenibusz
499 435 558 495 iique
569 432 695 487 decrevere,
713 434 757 481 uisi
767 450 823 496 reg·

152 511 215 551 num,
245 498 363 559 ipsumque
380 499 480 547 deditum
500 500 624 554 venissent,
643 500 676 547 uti
698 499 722 545 in
741 499 821 547 diebus

152 557 292 673 {proxumis}
304 564 381 610 decem
390 561 457 610 Italid
466 562 607 610 decederent.
641 561 728 611 Consul
736 562 825 611 Numi·

125 672 130 685 ,
176 641 187 672 s
198 641 228 673 ex
238 629 310 675 senati
321 628 410 675 decretu
426 628 524 676 nuntiari
530 627 610 689 jubet:
630 628 667 682 ita,
684 628 822 677 infectisre·

151 690 200 744 bru,
213 691 245 737 illi
256 693 347 740 domum
359 693 483 741 discedunt.
516 691 610 740 Interim
623 691 767 755 Calpurnius,
779 709 824 755 pa·

152 762 201 803 ratu
217 758 325 813 exercitu,
344 758 407 820 legat
424 759 466 806 sibi
483 758 586 804 homines
605 757 822 817 nobilisfaetiosos,

151 835 247 881 quorum
258 824 397 877 auctoritate,
410 838 462 884 quas
469 823 605 884 deliquisset,
617 823 704 870 munita
710 821 761 870 iore
768 838 823 885 spa-

152 887 215 933 mbat
237 888 273 952 (in
293 889 345 949 quis
361 887 404 935 isit
425 889 531 944 Scaurus,
554 890 618 952 cujus
640 888 669 935 de
692 886 773 935 naturis
798 896 825 936 et

151 950 229 1001 habitu
240 968 308 1015 supra
318 952 518 1014 memoravimus);
530 968 582 1000 uam
598 954 622 1000 iu
636 952 730 1000 consule
740 961 823 1001 nostru

151 1016 231 1063 muitae
241 1018 351 1079 bcnaeque
361 1026 420 1065 artes
431 1020 500 1065 animi
513 1025 537 1065 et
552 1020 653 1080 corporis
667 1024 745 1075 erant5
763 1034 823 1079 quas

151 1082 226 1128 omnis
247 1083 340 1130 avaritia
355 1084 517 1145 praepediehat:
538 1084 627 1145 patiens
642 1083 750 1137 laborum,
773 1085 824 1132 acsi

151 1145 251 1207 iugenio,
264 1148 319 1195 satis
328 1148 456 1210 providens,
465 1148 518 1196 belli
528 1149 587 1196 haud
598 1149 697 1210 ignum
707 1145 823 1196 firmissu-

150 1225 204 1259 mus
214 1219 293 1259 contra
302 1213 402 1275 pericula
419 1221 443 1260 et
459 1213 556 1260 insidias.
594 1213 640 1260 Sed
655 1212 759 1274 legiones
779 1229 824 1276 pes

151 1271 241 1325 Itdliam
252 1276 378 1339 Rhegium,
394 1286 462 1339 atque
472 1278 525 1325 inde
535 1278 641 1331 Siciliam,
660 1293 728 1339 porro
738 1292 768 1324 ex
780 1278 822 1326 si·

151 1338 202 1387 cilid
213 1343 237 1389 in
248 1341 348 1388 Africam
361 1349 502 1390 transvectae.
543 1340 618 1405 Igitur
629 1341 766 1404 Calpurnius
781 1343 821 1391 iu·

149 1404 198 1459 isio,
208 1408 292 1468 paratis
302 1408 469 1464 commeatibus,
477 1408 557 1469 acriter
564 1406 695 1455 Numidiam
701 1408 822 1469 ingressus

150 1477 200 1537 est;
229 1472 312 1519 multos
333 1472 442 1528 mortalis,-
464 1479 488 1520 et
509 1474 570 1521 urbis
591 1473 675 1535 aliquot
695 1474 822 1536 pugnando

150 1549 177 1582 ca
192 1536 216 1583 it.

176 1552 282 1648 1lllllll.
300 1601 346 1649 Sed
367 1602 404 1650 ubi
421 1601 536 1664 ,Iugurtha
552 1619 593 1665 per
613 1602 701 1665 legatos
721 1601 823 1664 pecunid

149 1671 243 1720 tentare,
254 1665 355 1727 bellique,
367 1668 430 1728 quod
438 1668 612 1722 administrabat,
625 1668 768 1729 asperitatem
779 1682 822 1716 os*

148 1730 242 1777 tendere
252 1732 338 1793 coepit3
351 1735 446 1787 animus,
458 1748 521 1795 aeger
531 1731 630 1787 araritid,
642 1732 709 1779 facile
719 1747 822 1780 convor-

150 1809 189 1843 sus
210 1803 252 1843 est.
275 1794 400 1844 »Ceterum
422 1799 497 1845 socius
522 1807 546 1846 et
566 1799 696 1846 administer
717 1799 822 1860 omnium

148 1860 293 1909 consiliorum
305 1863 426 1909 assumitur
437 1864 551 1921 scaurum
569 1865 607 1925 qui
617 1863 706 1911 tamem
723 1878 738 1909 a
754 1864 820 1924 prin*

149 1924 220 1986 cipio,
228 1925 339 1987 plerisque
354 1942 383 1975 ex
393 1927 492 1976 factione
502 1931 551 1992 eJus
562 1928 680 1991 corruptis,
703 1942 822 1977 acerrume

149 2004 234 2052 mem
244 1988 431 2055 impugnaverut3
448 2001 525 2041 tamen
543 1994 697 2057 magnitudine
714 1993 821 2054 pecunias

148 2069 162 2101 a
180 2056 241 2104 bono
257 2058 397 2120 honestoque
412 2060 435 2106 in
451 2075 546 2122 pravum
556 2061 681 2107 abstractus
694 2065 738 2104 est.
770 2057 820 2105 seu

147 2118 263 2182 iugurtha
273 2124 369 2184 primum
380 2126 538 2173 tantummodo
554 2125 606 2171 belli
622 2136 708 2170 moram
719 2121 820 2168 redime·

147 2184 192 2240 bat
210 2187 356 2245 existumans,
372 2205 422 2237 sese
441 2190 524 2250 aliquid
539 2190 628 2237 interim
645 2188 728 2235 Rumae
743 2188 819 2247 presio

148 2259 187 2299 aut
199 2251 277 2314 ‘gratiis
287 2253 434 2303 effecturum:
453 2263 531 2317 postea
541 2269 596 2301 vero
606 2269 672 2314 quam
683 2252 819 2314 participem

147 2318 234 2377 negotii
250 2318 360 2366 Scaurum
376 2328 508 2382 accesserat,
525 2320 548 2366 in
559 2333 688 2366 maxumam
700 2320 764 2379 spem
776 2318 819 2364 ad·

84 2420 87 2425 .
147 2379 228 2429 ductus
239 2384 398 2445 recuperandas
407 2385 476 2446 pacis,
484 2385 563 2432 statuit
571 2400 622 2431 cum
631 2385 664 2431 eis
670 2384 699 2429 de
709 2383 820 2430 omnibus

146 2448 287 2508 pactionibus
297 2463 398 2510 presseris
408 2464 483 2511 agere.
516 2447 633 2498 Caeterum
652 2449 744 2501 interea,
764 2446 820 2495 ddei

146 2511 221 2566 must,
233 2513 351 2561 mittitura
362 2514 455 2561 consule
466 2515 557 2562 Sextius
567 2514 696 2576 quaestorin
707 2512 819 2574 oppidum

146 2572 269 2638 Iugurthae
285 2577 391 2641 Vagatur
417 2581 481 2642 cujus
496 2581 529 2627 rei
547 2580 635 2641 species
649 2585 698 2626 erat
714 2579 819 2641 acceptio

145 2639 260 2697 frumenti,
269 2645 330 2705 quod
339 2642 475 2708 Calpurnius
482 2646 555 2709 palam
562 2646 646 2708 legatis
652 2645 819 2706 imperaveram
862 2688 874 2701 ,

146 2708 258 2773 quonium,
270 2709 390 2762 deditionis
400 2710 471 2768 mord,
482 2711 580 2773 iuducias
592 2711 742 2776 agitabantur.
763 2707 819 2772 Igu
