1800 2942
85 157 148 208 οι».
160 162 215 209 ιιι
320 158 521 210 susurrus
710 163 761 235 ιιιΙ

85 305 126 336 mo
136 297 199 337 metu
210 289 294 336 nudum
311 297 336 338 et
351 306 437 337 caeoum
449 306 530 353 corpus
540 290 568 337 ad
579 289 652 336 hostis
660 296 756 357 vortere.

85 353 292 401 DeindeVolueem
293 357 414 417 ,quonism
425 355 613 411 hostiliafaueret,
625 352 754 401 maxumum

86 418 172 467 Jovem
183 421 314 475 obtestatus,
334 429 360 467 ut
377 421 468 467 sceleris
483 428 549 481 atque
560 419 659 482 perfidiae
670 418 756 466 Bocchi

86 485 152 531 testis
174 485 278 539 adesset,
292 486 371 532 castris
389 487 449 532 abire
465 487 536 548 jubet.
567 484 611 531 Ille
628 486 756 546 lacrymans

86 564 157 604 orare,
169 564 199 595 ne
209 565 236 596 ea
247 550 364 596 erederet:
384 551 439 597 nihil
446 550 500 597 dolo
510 550 601 606 iactum,
618 551 692 612 magis
708 549 753 595 cal-

85 614 173 660 liditate
183 612 312 675 Jugurthae,
324 616 361 661 oui
372 617 496 677 speculanti
507 617 550 662 iter
560 630 626 661 suum
637 614 754 677 cognitum

86 687 155 725 esset.
188 678 311 734 Caeterum,
323 681 430 742 quoniam
441 694 514 742 neque
525 682 640 742 ingentem
652 680 754 726 multitu·

86 744 162 790 dinem
182 744 280 799 haberet,
299 753 322 791 et
340 761 392 806 spes
407 761 508 806 opesque
525 746 573 808 ejus
589 760 619 792 ex
634 752 697 807 patre
713 759 755 791 suo

85 809 227 870 penderent,
244 810 306 855 illum
330 811 384 856 nihil
404 811 478 872 palam
501 824 613 863 ausurum,
636 809 755 871 cumipse

85 873 147 920 iilius
159 875 223 920 testis
234 875 335 921 adesset·
355 891 423 936 quare
442 882 561 937 optumum
575 868 664 921 iactum
675 875 754 930 videri,

85 954 127 1000 per
139 939 242 985 media
223 955 271 1001 eJus
282 947 355 987 castra
364 941 438 1002 palam
451 942 561 988 transire.
581 955 637 994 sese,
648 941 685 987 vel
696 956 755 1000 prae·

86 1004 169 1058 missis,
189 1005 225 1050 vel
244 1005 325 1052 ibidem
336 1006 419 1052 relictis
430 1005 527 1062 Mauris,
544 1006 617 1052 solum
628 1020 679 1051 curn
692 1003 757 1052 sollo

85 1069 179 1115 iturum
196 1068 513 1147 Earesutiutalinegotio
525 1073 630 1132 probata;
641 1070 756 1117 aestatim

86 1132 198 1195 profecti:
218 1135 269 1194 quia
288 1134 338 1181 de
328 1137 454 1214 improviso
465 1136 599 1190 acciderant,
611 1136 678 1182 dubio
689 1143 756 1195 atque

85 1198 207 1244 haesitante
225 1197 346 1261 Jugurtha,
363 1201 489 1246 incolumes
508 1208 632 1246 transeunt.
665 1199 757 1247 Deinde

85 1263 164 1324 paucis
176 1264 258 1317 diebus,
270 1280 315 1325 quo
325 1266 358 1311 ire
368 1266 517 1319 intenderant,
528 1272 668 1326 perventum.

47 1340 52 1349 ·
120 1325 332 1376 cvl11.1bieum
345 1328 438 1376 Bocclm
450 1328 551 1376 Numida
566 1329 663 1389 quidam,
680 1331 756 1391 Aspar

86 1393 187 1446 nomine,
209 1394 305 1445 multum
324 1401 348 1441 et
364 1395 502 1441 familiariter
512 1394 604 1457 agebat3
627 1395 757 1456 praemissus
817 1446 819 1451 ,

86 1458 114 1504 ab
136 1456 258 1520 Jugurthl,
282 1466 401 1522 postquam
424 1460 510 1506 Sullam
532 1460 628 1505 accitum
650 1460 756 1513 audierat,

86 1530 170 1576 orator,
189 1529 212 1569 et
223 1525 315 1571 subdole
325 1525 465 1587 speculatum
476 1524 562 1571 Booobr
573 1524 679 1571 consilia
699 1539 756 1586 prae·

85 1594 149 1634 terea
161 1587 246 1641 Dabar,
255 1588 413 1652 Massugradae
423 1588 490 1644 filius,
502 1605 531 1636 ex
541 1601 610 1651 gente
618 1588 755 1667 Masinissae,

86 1659 196 1699 eaeternm
213 1661 315 1701 materno
328 1670 413 1716 genere
429 1656 502 1716 impar
518 1656 583 1717 (narn
591 1663 658 1730 pater
668 1656 717 1717 ejus
727 1669 757 1700 ex

86 1715 214 1765 concubinis
224 1726 287 1765 ortus
298 1718 366 1780 erat),
383 1718 468 1766 Mauro
480 1720 525 1766 ob
519 1720 605 1781 ingenii
617 1720 687 1766 mulla
696 1721 756 1767 bona

84 1797 153 1829 oarus
165 1792 327 1845 acceptusque
346 1799 414 1845 quem
430 1784 537 1832 Bocchus
555 1784 624 1831 fidum
642 1784 755 1834 Romanis

85 1847 165 1894 multis
175 1856 243 1895 antea
252 1849 422 1925 tempestatibus
432 1857 545 1911 expertus,
557 1850 617 1897 illico
628 1850 656 1897 ad
668 1851 754 1898 Sullam

85 1913 215 1959 nuntiatum
227 1914 303 1968 mittit,
319 1923 421 1977 paratum
433 1930 484 1962 sese
493 1915 574 1969 iacere,
592 1930 644 1976 quae
659 1916 755 1978 populus

84 1976 208 2025 Romanus
218 1979 302 2026 vellet·
295 1979 427 2040 ‚colloquio
437 1981 506 2038 diem,
513 1981 595 2035 locum,
607 1989 696 2041 tempus
707 1980 756 2040 ipse

85 2042 211 2104 dilegeret:
230 2045 334 2090 consulta
347 2060 397 2091 sese
412 2045 488 2091 omnia
503 2060 554 2091 cum
566 2045 621 2091 illo
615 2053 705 2105 integra
714 2044 755 2090 ha-

84 2108 146 2161 bere,
159 2123 203 2154 neu
214 2106 336 2170 Jugurthae
346 2110 447 2171 legatum
458 2110 638 2171 pertimesceret3
659 2124 704 2168 quo
719 2124 755 2155 res
785 2121 788 2126 ·

85 2172 216 2219 communis
231 2173 336 2221 licentius
352 2183 483 2236 gereretur;
503 2190 555 2221 narn
572 2174 600 2220 ob
610 2173 696 2220 insidiis
707 2175 755 2235 ejus

83 2238 151 2284 aliter
165 2238 240 2284 caveri
256 2239 390 2299 nequivisse.
423 2240 469 2287 Sed
487 2255 531 2300 ego
548 2238 680 2299 comperior,
693 2238 754 2285 Boe-

83 2303 153 2348 ohum
166 2303 239 2364 magis
251 2301 337 2350 Punici
346 2303 397 2357 fide,
418 2319 485 2365 quam
502 2305 531 2350 ob
546 2319 598 2363 quse
613 2303 755 2364 praedicabat,

84 2367 154 2413 simul
173 2366 293 2415 Romanos
310 2378 334 2415 et
348 2367 474 2416 Numidam
491 2384 531 2430 spe
549 2369 611 2430 pacis
628 2369 754 2421 attinuisse,

84 2431 229 2493 multumque
240 2448 292 2479 eum
305 2434 381 2481 animo
392 2449 433 2481 suo
444 2433 536 2480 volvere
546 2433 644 2486 solitum,
667 2432 755 2494 Jugur-

86 2496 148 2542 tham
165 2496 285 2551 Romanis,
304 2513 334 2545 an
349 2499 382 2545 illi
399 2499 485 2546 Sullam
501 2498 615 2555 traderet,
631 2497 754 2574 lubidinem

85 2560 208 2608 advorsum
220 2578 269 2616 uos,
281 2570 368 2610 metum
378 2579 419 2658 pro
430 2564 503 2617 nobis,
515 2564 619 2610 suasisse.

119 2623 189 2674 CIX.
207 2625 387 2689 Ιςίιιιιδιιὶιιιιι
389 2635 554 2690 ‘psuoacorsm
566 2626 654 2686 Aspare
664 2625 755 2670 locutu

79 2699 152 2779 rum,
169 2698 254 2741 caetera
263 2693 359 2748 occulte,
372 2701 411 2741 aut
425 2692 497 2748 nullo,
510 2698 550 2740 aut
559 2704 627 2753 quam
637 2686 754 2751 paucissu-
