1800 2942
195 217 334 270 JUSTINI
350 218 537 270 mxxxrv.
551 218 646 272 ems.
710 227 760 274 865

80 365 178 414 qaoque
198 350 261 413 ipsos
279 349 436 399 Romanomm
455 349 587 411 violissent,
605 352 656 409 nisi,
676 352 753 401 audito

81 416 195 470 tumultu,
206 416 286 478 trepidi
296 416 415 482 fugissent

116 478 155 527 11.
173 479 233 528 Haec
247 482 285 528 ubi
296 481 379 529 Romae
390 482 492 528 nuntiata
503 489 562 537 sunt,
573 482 649 529 statim
660 488 752 531 senatm

79 545 203 593 Mummio
219 546 307 593 consuli
322 547 405 593 bellum
423 546 550 594 Achaicum
564 546 680 605 decemit3
703 548 750 608 qui,

80 609 201 672 extemplo
208 611 308 658 exercitu
318 611 442 674 deportato,
454 621 477 659 et
485 613 588 659 omuibus
596 620 687 659 sueuue
694 628 749 675 pro-

80 675 148 731 visis,
162 676 276 736 pugnandi
292 678 379 738 copiam
395 678 496 724 hostibus
510 677 571 724 iecit.
603 676 649 724 Sed
660 677 749 733 Achaei,

80 738 151 787 velat
167 740 223 787 nihil
240 741 325 802 negotii
342 740 447 789 Romano
466 743 525 789 bello
540 743 698 804 suscepissent,
716 743 750 790 ita

84 804 150 867 apud
169 805 214 851 eos'
225 805 330 867 neglecta
346 807 422 852 omnia
438 814 463 853 et
479 808 552 855 soluts
570 806 641 854 fuere.
673 805 753 867 Itaque

83 868 195 932 praedam,
217 884 263 916 nou
284 868 389 932 proelium
410 870 542 931 cogitantes,
561 880 584 919 et
602 871 705 920 vehicula
722 872 752 919 ad

83 933 159 997 spolia
180 933 279 980 hostium
300 933 433 995 reportanda
450 934 578 991 duxerunt;
599 945 623 983 et
642 939 751 999 conjuges
814 940 820 947 ’

82 999 213 1059 liberosque
223 1013 283 1053 suos,
295 999 323 1045 nd
334 997 485 1061 spectaculum
496 1000 630 1054 certaminis,
644 1002 667 1046 in
685 1016 751 1048 mon-

82 1064 147 1111 tibus
157 1070 288 1125 posuerunt.
320 1061 371 1116 Sed,
384 1061 465 1123 proelio
475 1063 604 1118 commisso,
615 1073 667 1111 ante
674 1067 753 1115 oculos

84 1142 180 1176 snorum
194 1128 255 1182 caesi,
273 1127 370 1190 lugubre
387 1127 423 1172 bis
439 1126 599 1187 spectaculum,
618 1136 642 1174 et
658 1145 752 1191 gravem

81 1191 162 1243 tuctus
173 1193 303 1240 memoriam
319 1190 464 1252 reliquerunt.
497 1188 615 1253 conjuges
625 1207 715 1254 quoque
725 1196 754 1242 li-

84 1257 178 1319 berique
188 1272 276 1312 eorum,
285 1257 314 1304 de
330 1256 491 1319 spectatoribus
505 1256 587 1317 captivi
599 1255 659 1311 sacti,
678 1261 755 1320 praeds
835 1261 839 1267 ’

85 1322 187 1370 bostium
202 1320 273 1369 titire.
306 1320 367 1368 Urbs
379 1322 428 1383 ipsa
445 1318 568 1369 Corinthus
584 1320 691 1368 diruitur:
710 1339 753 1385 po-

85 1386 155 1452 pulus
166 1387 239 1434 omnis
254 1387 297 1434 sub
313 1385 396 1434 coroni
413 1386 532 1445 venditur;
549 1394 575 1433 ut
592 1387 635 1433 boc
649 1388 754 1450 exemplo

86 1454 177 1501 caeteris
187 1452 313 1499 civitatibus
323 1459 397 1499 metus
408 1466 518 1499 novarum
533 1466 608 1498 rerum
625 1453 753 1513 imponere·

86 1523 134 1564 tur.
172 1515 238 1564 Dum
256 1517 305 1564 haeo
327 1524 432 1580 aguntur,
454 1530 495 1563 rex
513 1515 593 1576 syrte,
616 1517 751 1575 Antiochus

89 1580 225 1637 Ptolemaeo,
242 1581 333 1645 maJoris
349 1582 432 1628 sororis
450 1596 497 1627 suae
514 1579 567 1635 filio,
585 1583 634 1643 regi
648 1581 754 1645 AEgypti,

86 1644 172 1695 bellum
181 1646 256 1702 infert,
274 1647 338 1709 segni
353 1647 480 1700 admodum,
492 1652 516 1693 et
525 1644 654 1706 quotidianis
664 1646 753 1696 luxuria

86 1713 121 1759 its
130 1713 246 1766 marcenti,
261 1719 287 1759 ut
302 1726 348 1758 non
365 1713 438 1760 solum
456 1711 527 1773 regiae
543 1713 666 1774 majestatis
680 1713 755 1761 officis

85 1776 254 1834 intermitteret,
269 1792 347 1823 verum
362 1778 430 1824 etiam
442 1791 509 1823 sensu
521 1777 624 1831 hominis,
636 1776 705 1825 nimici
715 1793 753 1826 sss

86 1837 151 1905 glad,
167 1848 259 1888 cureret.
293 1841 376 1890 Pulsus
391 1842 461 1904 igitur
475 1856 553 1903 regno,
568 1841 698 1891 adfratrem
709 1844 754 1890 mi·
811 1850 816 1866 “·

87 1917 168 1954 moreto
186 1905 335 1954 Ptolemaeum
352 1907 511 1954 Alexandriam
526 1906 643 1969 confugit:
662 1904 754 1970 paraci-

86 1977 185 2035 patoque
200 1986 251 2018 cum
267 1987 294 2019 eo
307 1987 384 2034 regno,
400 1973 490 2033 legatos
501 1971 600 2019 Rumam
612 1974 640 2019 sd
651 1979 754 2019 senatum

87 2037 195 2093 mittunt;
212 2036 295 2083 auxilia
304 2043 397 2099 petunt;
414 2036 481 2082 iidem
499 2037 612 2084 societatis
626 2037 757 2099 implorant·

87 2098 187 2150 Movire
198 2109 299 2148 senatum
308 2117 385 2163 preces
394 2101 496 2148 fratrum.

123 2163 170 2212 ΠΙ.
187 2166 289 2213 Mittitur
307 2167 381 2227 itaque
399 2167 488 2227 legatus
504 2164 605 2227 Popilius
622 2165 650 2212 ad
669 2165 753 2214 Antio-

87 2231 172 2288 chmn3
189 2231 227 2292 qul
238 2232 348 2278 abstinere
359 2231 422 2277 illum
434 2230 546 2291 AEgypto,
564 2238 610 2282 aut,
627 2231 645 2276 si
655 2231 705 2292 jam
716 2232 754 2278 in·

91 2295 202 2352 cessisset,
214 2297 329 2351 excedere,
339 2297 435 2358 juberet
467 2293 527 2343 Cum
543 2294 567 2340 in
582 2294 688 2357 AEgypto
700 2309 754 2343 eum

89 2361 223 2417 invenisset,
234 2361 378 2421 osculumque
390 2362 409 2406 ei
422 2374 462 2406 rex
473 2358 590 2406 obtulisset
602 2361 666 2423 (nam
677 2361 755 2409 colue-

43 2469 49 2475 ,
89 2425 193 2472 rstinter
209 2433 303 2471 caeteros
316 2425 427 2486 Popilium
445 2424 580 2476 Antiochus,
600 2440 651 2471 cum
672 2424 757 2473 Romae

89 2491 155 2538 obses
165 2489 244 2549 esset),
256 2497 310 2536 tunc
320 2490 420 2551 Popilius
428 2489 539 2536 facessere
547 2489 636 2536 iuterim
644 2490 756 2551 privatam

91 2553 210 2603 amicitiam
222 2556 293 2618 jubet,
311 2570 363 2601 cum
380 2554 486 2601 mandata
503 2556 582 2616 petrin
601 2554 757 2611 intercedsut3

93 2619 223 2683 prolatoque
240 2619 331 2666 senatus
342 2620 439 2675 decreto,
450 2626 475 2665 et
486 2619 575 2674 tradito,
588 2634 640 2666 cum
658 2618 758 2666 cunctari

92 2698 142 2731 nrm
156 2684 250 2740 videret,
266 2685 499 2747 consultationemque
512 2684 540 2731 ad
559 2686 644 2731 amicos
659 2682 743 2730 referre
748 2699 757 2740 3

89 2750 120 2800 ibi
131 2747 231 2813 Popilius
246 2748 318 2814 virgi,
329 2765 396 2812 quam
407 2750 431 2799 in
441 2764 510 2797 manu
518 2750 619 2810 gerebat,
630 2747 705 2812 amplo
715 2748 760 2797 cir·

470 2817 536 2862 218
