1800 2942
248 165 386 220 tustini
403 166 458 216 Lra.
468 165 516 216 xi.
532 167 593 219 Car.
605 174 629 218 9.
724 175 773 221 938

100 298 165 352 duat
174 314 239 354 noce,
254 315 301 347 ιιοιι
319 316 370 363 spes
385 300 454 347 modo
471 300 573 356 remedii,
590 300 630 347 sed
640 314 682 348 uec
697 300 775 349 dilatio

100 365 196 431 periculi
206 366 352 413 inveniretur.
384 364 453 413 Unus
463 373 512 413 etat
526 381 556 413 ex
571 366 671 420 medicis,
682 367 775 415 nomine

102 432 228 493 Philippus,
244 431 282 491 qui
300 432 361 478 solus
374 431 498 479 remedium
509 431 659 493 polliceretur.
694 431 775 479 Sedet

100 499 176 560 ipsum
195 494 352 544 Parmenionis
362 497 458 558 pridiea
470 494 614 559 Cappadocia
631 497 707 543 missae
725 497 773 558 epi·

101 562 169 609 stulte
185 569 313 623 suspectum
324 561 449 617 iaciebant3
468 563 513 622 qui,
533 562 626 623 ignarus
638 560 774 610 infirmitatis
827 551 839 565 ”

101 626 235 680 Alexandri,
257 627 381 689 scripserat,
400 641 414 672 a
433 626 538 689 Philippo
560 627 647 672 medico
667 634 769 675 caveret:

101 706 156 739 raam
173 697 302 752 corruptum
319 692 382 738 ilium
394 707 408 738 a
420 690 494 738 Dario
510 692 597 753 ingenti
607 689 702 753 pecumi
715 707 774 739 esse.

100 756 185 805 Mus
196 764 272 803 tumen
283 765 318 803 est
328 767 397 811 ratus,
408 757 481 803 dubiae
490 772 515 804 se
523 756 574 804 fidei
583 757 663 802 mmm
674 758 772 813 credere,

100 835 170 886 quam
186 822 311 868 indubitato
327 823 405 870 morbo
416 822 497 885 perire.
531 822 632 883 Accepto
650 822 772 886 igiturpo·

29 899 32 908 “
101 888 162 943 culo,
172 886 280 949 epistolas
286 888 374 934 medico
384 887 490 943 tradidlt;
507 894 576 948 atque
586 887 618 933 ita
629 888 688 933 inter
695 888 773 934 biben-

60 948 63 951 ⁴
99 952 246 1001 dumoeulos
256 952 279 997 in
287 953 375 999 vultum
386 952 485 1015 legentis
494 952 598 999 intendit.
622 950 657 999 Ut
668 968 773 999 securum

100 1018 226 1079 conspexit,
245 1017 320 1063 laetior
328 1017 402 1065 iactus
411 1025 454 1073 est,
475 1018 637 1118 sanitatemque
647 1016 727 1079 quarti
736 1018 774 1065 die

98 1082 183 1194 milii.
199 1145 290 1193 Interea
309 1145 395 1193 Darius
417 1161 469 1193 cum
486 1146 656 1208 quadringentis
674 1147 773 1195 milibus

98 1213 208 1277 peditum,
220 1219 349 1259 uocantum
366 1211 464 1257 millibus
482 1212 589 1271 equitum,
601 1211 625 1256 in
636 1212 706 1258 aciem
717 1228 771 1274 pro·

99 1278 169 1326 cadit
200 1275 311 1324 Movebst
328 1276 378 1323 haec
399 1269 520 1322 multitudo
542 1276 647 1329 hostium,
669 1285 772 1338 respectu

98 1339 221 1407 pensitatis
239 1357 294 1395 auae,
306 1341 475 1391 Alexandrum.
496 1341 535 1387 sed
552 1341 664 1387 interdum
680 1350 772 1403 reputa·

97 1410 145 1464 bat,
157 1414 252 1470 quantus
263 1422 298 1453 res
309 1421 360 1453 cum
371 1403 415 1453 tut
422 1406 533 1469 paucitate
540 1408 654 1469 gessisset,
663 1415 772 1467 quantos·

97 1488 146 1536 que
155 1472 250 1536 populos
260 1470 361 1518 fudisset
396 1471 476 1533 ltaque
493 1486 544 1518 cum
561 1487 613 1533 spes
622 1481 708 1518 metum
719 1472 771 1518 rin·

98 1545 171 1596 ceret,
182 1536 330 1600 periculosius
338 1536 426 1583 differre
436 1537 520 1583 bellum
527 1544 595 1589 ratus,
607 1552 636 1583 ne
646 1536 771 1597 desperatio

98 1605 148 1651 stris
170 1609 289 1658 uenero,
306 1603 471 1649 circumvectus
490 1617 550 1655 suos,
570 1602 671 1664 singulas
689 1609 772 1663 gentes

98 1665 189 1715 &vasi
196 1668 297 1714 oratione
307 1667 440 1727 alloquitur:
462 1665 553 1727 Illyrios
563 1674 587 1712 et
594 1665 695 1714 Thracas
703 1683 771 1730 opum

100 1747 128 1781 ae
143 1732 272 1781 divitiarum
289 1733 455 1787 ostentatioue3
474 1732 570 1779 Grecos
586 1739 688 1779 veterum
699 1733 770 1780 bello·

98 1797 151 1845 rum
162 1796 278 1851 memoria
287 1797 466 1857 internecivique
476 1811 528 1843 curo
541 1796 616 1844 Persis
624 1799 677 1852 odii,
689 1813 770 1845 accen·

97 1864 179 1921 debete
197 1862 336 1909 Macedonas
347 1870 422 1908 autem
434 1877 494 1909 nunc
503 1862 603 1924 Europae
614 1864 682 1910 tictae
692 1864 770 1910 admo·

96 1936 149 1987 net,
158 1939 220 1975 nunc
228 1927 292 1974 Asiae
299 1928 419 1989 expetitae3
437 1942 480 1974 nec
490 1928 595 1975 inventas
605 1928 649 1975 illis
657 1936 706 1975 toto
717 1928 771 1975 orbe

96 2007 165 2057 paros
181 1994 241 2040 vlres
259 1993 376 2055 gloriatur.
408 1991 524 2041 Caeterum
541 2002 564 2041 et
580 1994 683 2039 laborum
701 1992 770 2039 finem

57 2102 61 2110 ,
97 2060 168 2114 laune,
187 2066 210 2105 et
226 2058 311 2121 gloriae
323 2058 438 2104 cumulum
457 2058 513 2105 fore.
550 2058 628 2118 Atque
644 2058 704 2103 inter
720 2057 771 2105 ltaee

96 2123 221 2173 identidem
230 2124 353 2170 consistere
364 2124 433 2170 odon
441 2124 512 2184 jubet,
522 2132 548 2169 ut
554 2124 596 2169 hac
603 2137 668 2168 mora
673 2136 770 2169 consue·

96 2197 165 2238 mant
182 2189 253 2235 oculis
268 2190 355 2235 turbam
373 2189 471 2235 hostium
490 2189 608 2234 sustinere.
641 2186 693 2233 Nec
704 2185 771 2234 Darii

96 2252 557 2380 ffltffitlptlltllltititt
565 2252 667 2378 sitiit
678 2267 772 2371 itit?

96 2384 184 2431 veteris
194 2384 275 2445 gloriae
287 2383 431 2437 Persarumss
424 2383 557 2443 imperiique
567 2390 681 2443 perpetuae
692 2398 705 2429 a
716 2381 771 2429 Diis

97 2448 262 2496 imonelibus
273 2448 332 2495 datae
342 2447 491 2525 possessionis
501 2447 629 2493 atltnonere
653 2446 711 2494 Post
721 2448 771 2493 haee

96 2514 204 2576 proelium
213 2513 343 2577 ingenuinus
354 2513 434 2559 animis
442 2513 597 2559 committitur
629 2510 659 2558 In
669 2526 697 2558 eo
709 2518 771 2557 uter·

97 2594 143 2641 que
155 2593 195 2625 rex
205 2580 344 2626 vulneratur.
375 2577 475 2625 Tamdiu
490 2585 603 2624 certamen
620 2590 702 2637 auceps
719 2574 770 2629 fuit,

96 2644 174 2705 quoad
182 2643 275 2707 lugeret
285 2643 379 2690 Darius.
412 2642 505 2691 Exinde
515 2642 589 2688 caedes
600 2640 722 2688 Persarum
732 2653 770 2685 se·

95 2716 208 2758 cutaost·
239 2707 501 2773 Caenwntpedltam
520 2702 771 2818 ξιῧιιιιιιιιιιιιιιςὶιιιι

487 2788 504 2819 x
