1800 2942
197 133 334 186 JUSTINI
351 133 405 183 Lm.
418 133 547 183 XXXIII.
564 133 624 185 Car.
636 142 660 185 2.
714 141 762 186 363

78 268 109 316 id
121 272 242 316 ostentum
253 265 338 314 Perseo
353 265 457 312 omnibus
472 263 665 327 praesagientibus,
680 265 761 315 linem-

80 349 134 395 que
144 332 291 379 Macedonici
302 331 368 393 regni
378 330 482 393 portendi
494 329 674 378 vaticinantibus.

84 401 87 410 '
119 395 160 444 11.
177 395 207 443 In
218 395 245 443 ed
255 394 331 457 pugni
346 395 383 442 M.
395 393 461 450 Cato,
473 392 568 442 Catonis
584 397 679 443 oratoris
693 394 760 453 filius,

81 463 144 511 dum
161 463 222 508 inter
237 460 414 507 confertissimos
430 461 507 506 hostes
523 460 642 521 insigniter
661 461 760 517 dimicat,

81 543 149 589 equo
161 526 272 588 delapsus,
289 525 392 586 pedestre
406 524 510 585 proelium
526 526 663 586 aggreditur.
696 525 758 574 Nam

81 592 209 640 cadentem
226 590 352 651 manipulus
368 589 466 636 hostium
481 604 533 635 cnm
548 590 638 637 horrido
653 591 757 647 clamore,

83 657 163 705 veluti
181 657 296 717 jacentem
319 655 497 709 obtruncaturm,
521 654 711 702 circumsteterat:
736 663 761 706 at

82 722 134 777 ille,
152 721 220 767 citius
236 734 330 782 corpore
346 719 448 775 collecto,
466 733 562 781 magnas
578 729 666 781 strages
681 718 757 778 edidit.

83 785 152 836 Cum
162 786 192 832 ad
203 800 272 832 unum
284 784 455 847 opprimendum
471 786 569 845 undique
579 787 655 833 hostes
670 799 756 833 convo·

79 850 168 904 larent,
185 850 238 896 dum
254 864 370 912 procerum
388 850 507 911 quemdam
521 851 584 910 petit,
600 851 688 911 gladius
704 851 725 897 ei
741 866 755 897 e

43 971 47 976 q
81 930 157 962 manu
168 915 262 977 elapsus,
274 916 297 960 in
308 914 405 961 mediam
416 916 532 962 cohortem
544 915 642 961 hostium
654 916 750 962 decidit:

83 981 114 1028 ad
135 994 203 1040 quem
219 980 395 1041 recuperandum
415 981 513 1026 umbone
529 994 554 1026 ne
571 988 700 1041 protegens,
716 982 753 1028 in·

82 1051 205 1107 spectante
220 1050 316 1104 utroque
326 1044 434 1097 exercitu,
450 1045 510 1089 inter
524 1059 644 1090 mucrones
661 1061 685 1091 se
699 1047 754 1093 hoa·

83 1111 146 1157 tium
158 1109 286 1166 immersit3
304 1107 470 1167 recollectoque
482 1107 566 1168 gladio,
583 1109 660 1154 multis
674 1110 753 1157 vulne·

80 1175 147 1224 rima
157 1174 266 1235 exceptis,
282 1172 311 1219 ad
322 1187 375 1218 suos
392 1186 443 1218 cnm
456 1171 553 1217 clamore
565 1172 662 1218 hostiam
674 1187 751 1221 rever-

80 1241 147 1287 titur.
181 1237 259 1301 Hujuo
270 1238 384 1284 audaciam
397 1237 473 1283 caeteri
484 1237 571 1290 imitati,
583 1237 699 1284 victoriam
710 1254 750 1300 po-

80 1302 170 1368 perdre.
203 1302 300 1350 Perseus
315 1317 355 1349 rex
370 1299 426 1364 fugi
442 1316 494 1348 cnm
509 1302 585 1348 decem
602 1302 699 1349 millibus
714 1311 750 1351 ta·

81 1369 172 1418 lentllm
184 1367 359 1415 Samothraciam
371 1367 484 1414 defertur:
504 1381 570 1429 quem
582 1365 669 1415 Coaens
679 1367 750 1416 Octa·

80 1435 144 1491 viua,
161 1434 190 1480 ad
203 1433 379 1495 persequendum
392 1433 475 1481 missua
489 1433 612 1488 aconoule
629 1448 681 1479 cum
692 1434 750 1481 duo-0

80 1501 126 1549 buo
136 1497 193 1553 filiis,
211 1498 341 1545 Alexandro
357 1506 381 1545 et
395 1497 507 1560 Philippo,
524 1500 597 1559 cepit3
614 1506 750 1562 captimque

83 1565 115 1612 ad
128 1563 243 1610 consulem
254 1564 324 1610 duxit
358 1563 519 1610 Mtcedoniaa
535 1562 632 1616 Carano,
648 1564 686 1624 qni
702 1564 749 1625 pri-⁴

81 1644 136 1677 mus
151 1629 174 1674 in
185 1625 212 1675 ei
222 1628 333 1690 regnavit,
350 1644 421 1690 usque
437 1627 555 1685 Perseum,
572 1628 666 1690 triginta
681 1642 749 1690 reget

81 1693 166 1743 habuit
199 1692 303 1747 Quorum
319 1694 360 1739 sub
376 1709 447 1756 regno
466 1693 510 1739 fuit
527 1693 617 1754 quidem
629 1693 693 1740 annin
705 1708 748 1741 no-

82 1758 199 1821 ningentis
210 1768 233 1805 ot
244 1759 324 1819 viginti
335 1759 422 1815 tribus3
439 1759 565 1805 cedrorum
577 1773 622 1805 non
638 1760 680 1804 nisi
692 1774 747 1806 cen·

81 1832 133 1871 tum
144 1823 266 1885 nonaginta
276 1823 363 1869 duobus
374 1824 438 1869 annis
449 1824 527 1885 potito.
559 1820 595 1869 Ita
610 1838 662 1870 cum
674 1825 699 1870 in
710 1825 746 1871 di-
815 1880 818 1884 .

79 1890 167 1937 tionem
178 1887 332 1934 Romanorum
344 1888 455 1940 cessisret,
469 1888 636 1948 magistratibus
647 1904 687 1949 per
697 1890 746 1935 oin-

80 1954 149 2018 gnlao
159 1952 260 1999 civitates
267 1952 401 2005 constitutio,
413 1951 482 1999 libera
492 1952 551 1998 facta
562 1963 612 2008 est5
629 1953 746 2014 legetque,

82 2019 162 2081 quibus
178 2017 251 2063 adhuc
268 2018 344 2070 utitur,
364 2031 378 2062 a
399 2014 470 2062 Paulo
489 2017 581 2077 accepit
613 2015 754 2065 AEtolorum

81 2085 236 2133 universarum
250 2081 336 2127 urbium
349 2089 446 2136 renatos,
463 2096 514 2126 oum
530 2082 663 2142 conjugibus
678 2088 702 2127 et
715 2083 745 2129 li.

82 2148 149 2201 beria,
160 2147 198 2208 qui
209 2144 275 2193 dubit
284 2144 328 2192 fide
338 2145 433 2200 fuerant,
446 2145 544 2191 Romam
555 2145 646 2201 missus,
662 2147 743 2209 ibique,

82 2229 113 2263 ne
123 2213 146 2258 iu
155 2209 227 2273 patrii
236 2210 319 2271 aliquid
329 2219 435 2268 novaret,
449 2211 487 2256 diu
499 2209 610 2265 detentus,
626 2225 743 2273 aegreque,

82 2276 215 2343 permultos
226 2290 297 2323 annos
307 2275 456 2338 legationibus
466 2273 590 2322 civitatium
601 2283 680 2325 tenua
689 2277 743 2327 sati.

82 2351 142 2409 gato,
153 2342 176 2389 in
186 2341 281 2406 patriam
292 2341 386 2404 quicque
395 2354 459 2388 anun
470 2341 577 2388 remissus
586 2347 629 2389 cst
