1800 2942
202 129 318 188 Miloni
335 134 462 188 LICINII
479 133 617 186 ORATIO.
695 139 740 185 135

69 269 140 315 vestri
158 267 276 330 paravere)
293 284 345 316 cum
356 268 392 317 vis
407 270 489 324 omnis,
510 267 620 324 Quirites,
636 266 660 312 in
676 266 741 314 vobis

70 335 108 391 sit,
120 335 161 390 uti,
172 349 225 394 quae
230 334 296 397 jussa
306 346 417 395 nuncpro
432 334 482 380 aliis
499 334 606 386 toleratis,
624 347 666 393 pro
676 331 740 377 vobis

71 412 140 460 agere
150 407 189 445 aut
200 414 245 445 non
257 413 325 461 agere
336 409 396 445 certe
407 400 504 459 possitis.
528 396 611 446 Jovem
623 395 740 443 autolium

69 474 138 523 quem
157 462 236 510 Deum
253 465 405 510 consultorem
426 463 574 525 exspectatis:
602 476 686 523 magna
703 459 742 510 illa
814 514 818 528 ι

70 528 189 575 consulum
200 530 300 591 imperia,
310 537 333 575 et
340 528 433 575 Patrum
442 528 537 581 decretu,
544 542 586 575 vos
594 525 740 587 exsequuudo

70 599 118 640 rata
129 593 224 649 efficitis,
237 593 352 650 Quirites3
370 593 474 653 ultroque
483 592 597 639 licentiam
605 593 629 638 in
636 607 678 637 vos
684 604 739 637 auc·

71 665 122 705 tum
132 665 201 719 atque
212 659 311 721 adjutum
321 659 453 721 properatis.

102 721 188 783 Neque
205 738 250 785 ego
265 740 308 771 vos
324 725 395 769 ultum
411 724 504 786 injurias
513 724 604 780 hortor;
616 722 696 783 *magis
708 720 741 767 uti
759 741 762 744 ⁴

70 787 171 848 requiem
194 789 302 850 cupiatis:
328 803 401 848 neque
420 789 549 842 discordias,
573 787 645 834 utilli
663 786 740 833 crimi-

69 859 161 905 nantur,
178 853 218 899 sed
236 852 400 900 earumafinem
416 854 503 906 volens,
517 855 571 916 jure
581 853 693 914 gentium,
704 865 741 898 rer

23 967 25 969 .
67 924 164 978 repeto:
184 927 213 971 et,
227 919 245 965 si
255 919 399 980 pertinaciter
414 919 550 973 retinebunt,
569 933 615 964 non
627 931 688 963 arma
698 931 740 962 ne·

69 997 114 1043 que
125 983 282 1038 secessionem,
294 984 449 1031 tantummodo
460 998 489 1030 ne
499 983 595 1045 amplius
606 982 739 1044 sanguinem

66 1049 170 1094 nattum
181 1049 305 1108 praebeatis,
317 1063 407 1095 censeo.
440 1049 535 1102 Gerant,
547 1048 688 1107 habeantque
698 1061 740 1093 suo

68 1112 139 1158 modo
155 1112 263 1174 imperia3
288 1121 391 1174 quaerant
412 1113 550 1175 triumphos:
574 1111 738 1167 Mithridatem,

69 1176 204 1231 Senonum,
222 1185 246 1223 et
261 1178 365 1238 reliquias
381 1177 492 1233 exsulum,
509 1183 672 1239 persequantur
687 1190 739 1222 cum

67 1241 206 1304 imaginibus
223 1243 284 1289 suis:
304 1243 361 1289 absit
377 1242 501 1303 periculum
523 1248 547 1287 et
568 1241 636 1295 labos,
660 1241 740 1300 quibus

67 1307 132 1355 nulla
142 1306 292 1369 perstructus
303 1314 349 1354 est:
369 1307 412 1353 nisi
428 1306 489 1353 forte
506 1303 622 1369 repentini
632 1303 676 1352 istd
691 1304 739 1352 sru-

67 1370 180 1418 mentarid
198 1370 250 1434 iege
267 1373 344 1419 munia
359 1380 435 1419 vestra
450 1378 586 1433 pensantur:
605 1369 650 1430 qud
665 1376 741 1418 tamen

68 1436 145 1496 quinis
161 1438 242 1484 modiis
261 1437 385 1485 libertatem
406 1437 507 1483 omnium
527 1432 683 1489 aestumavere
702 1436 741 1495 qui

67 1499 171 1563 prolecto
193 1515 239 1548 non
262 1502 358 1564 amplius
379 1509 475 1563 possunt
502 1500 614 1546 alimentis
639 1500 741 1548 carceris.

69 1565 186 1626 quue,
194 1598 196 1603 ,
204 1574 230 1613 ut
247 1567 292 1614 illis
302 1567 428 1628 exiguitate
437 1580 499 1612 mors
515 1566 651 1627 prohibetur,
663 1578 740 1612 senes·

68 1637 125 1677 cunt
144 1631 219 1689 vires3
237 1632 269 1678 sic
291 1646 364 1692 neque
382 1631 479 1678 absolvit
497 1628 551 1676 card
572 1629 676 1676 familiari
693 1637 740 1678 tam

67 1709 138 1758 parva
149 1710 199 1742 res:
219 1704 243 1743 et
260 1697 358 1759 igneum
376 1696 470 1757 quisque
487 1693 620 1744 tenuissimi
631 1710 670 1757 spe
679 1694 741 1744 frua

67 1767 173 1808 trantur:
193 1775 244 1821 quae
261 1768 344 1817 tamem
364 1761 468 1821 quamvis
484 1760 563 1822 ampla,
575 1761 681 1822 quoniam
692 1777 740 1815 serf

66 1826 118 1872 vitii
136 1826 234 1887 pretium
252 1833 408 1881 ostentaretur,
428 1826 492 1887 cujus
509 1827 631 1887 torpedinis
641 1833 689 1873 erat
700 1827 741 1872 de-

67 1890 119 1952 cipi,
131 1898 156 1937 et
166 1898 292 1938 vestrarum
298 1906 373 1937 rerum
380 1891 439 1937 ultro
446 1890 527 1953 injuria
534 1893 630 1952 gratiam
642 1890 739 1938 debere?

68 1953 177 2016 Namque
187 1956 231 2002 alio
241 1958 316 2012 modo,
328 1971 401 2016 neque
411 1956 488 2003 valent
498 1957 521 2002 in
531 1957 656 2010 universos,
668 1970 742 2016 neque
764 1965 767 1971 '

68 2022 218 2067 conabuntur.
239 2054 242 2061 Α

101 2083 225 2133 Cavendus
235 2085 300 2133 dolus
311 2094 352 2134 est.
387 2084 467 2148 ltaque
477 2087 544 2134 simui
554 2092 686 2147 comparant
696 2085 737 2133 de·

67 2149 199 2205 lenimenta,
219 2157 242 2197 et
261 2151 367 2198 diffemnt
381 2168 423 2198 vos
434 2154 457 2198 in
469 2152 591 2209 adyentum
610 2149 654 2198 Cn.
668 2149 739 2197 Pom·

66 2214 111 2276 peii
119 2230 214 2276 3tquem
230 2216 311 2276 ipsum,
329 2217 367 2262 ubi
380 2214 516 2279 pertimuere
533 2216 643 2262 sublatum
654 2215 678 2261 in
690 2217 739 2263 cei·

66 2280 129 2327 vices
147 2295 207 2334 suas,
222 2295 278 2326 mox
294 2281 370 2327 demto
384 2288 447 2328 metu
464 2281 570 2327 lacerant.
602 2278 685 2341 Neque
700 2297 740 2329 eos

67 2344 138 2406 pudet
156 2344 276 2408 (vindices,
286 2346 327 2392 >uti
343 2361 368 2392 se
384 2345 467 2399 ferunt,
485 2342 604 2406 libertatis)
620 2353 654 2391 tot
670 2346 739 2404 viros,

64 2410 119 2456 aine
130 2425 182 2466 uno,
201 2418 241 2456 aut
251 2412 366 2457 remittere
381 2411 485 2472 injuriam
497 2424 543 2455 nou
554 2411 642 2465 audere,
654 2418 693 2457 aut
699 2413 739 2473 jus

68 2488 116 2520 nou
126 2490 194 2536 posse
204 2475 331 2522 defendere.
362 2474 423 2522 Mihi
440 2474 530 2536 quidem
549 2477 603 2522 satis
614 2484 739 2536 spectatum

68 2546 113 2596 est,
131 2538 273 2602 Pompeium,
291 2547 362 2586 tautae
382 2541 464 2602 gloriae
482 2539 653 2593 adolescentem,
672 2539 739 2586 malle

68 2604 191 2666 principem
203 2604 330 2653 volentibus
346 2606 411 2651 vobis
428 2619 486 2658 esse,
505 2619 571 2664 quam
582 2605 626 2649 iliis
637 2603 739 2648 domina·

69 2669 138 2727 timis
148 2670 236 2717 socium
243 2676 428 2731 sanctoremque
437 2670 462 2716 in
472 2665 738 2731 primisforetribuuiciae
762 2668 767 2705 ,⁴
