1800 2942
258 186 395 239 suumn
411 184 492 239 Lus-I.
509 186 599 240 cond.
712 192 761 239 149

89 321 171 377 acuti,
192 318 301 382 responsa
321 319 427 382 gestibus
446 335 488 383 per
504 321 656 368 internuntios
672 319 762 367 dabant.

89 388 216 450 Imperium
228 384 327 447 Assyrii,
346 386 385 446 qui
396 393 475 448 postes
486 386 539 448 Syri
549 386 603 433 dicti
619 392 678 441 sunt,
698 384 762 433 mille

88 452 199 502 trecentis
209 451 275 498 annia
284 448 386 498 tenuere.
675 464 678 471 ’

124 516 174 564 HL
190 514 323 563 Postremus
339 515 398 576 apud
413 530 454 562 eos
470 517 574 579 regnavit
591 514 762 583 Sardanapalus,

89 585 127 632 vir
143 581 239 629 muliere
249 581 380 641 corruptior.
413 579 452 626 Ad
468 583 529 628 bunc
544 582 665 628 videndum
689 576 761 643 (quod
777 589 780 596 '

90 648 178 696 nemim
188 653 242 693 ante
252 660 303 691 eum
315 645 448 707 permissum
460 644 543 708 iuerat)
554 647 676 712 praefectus
683 645 761 708 ipsius,

91 712 171 761 Medis
192 711 334 772 prepositus,
356 710 448 757 nomine
470 711 578 767 Arbaces,
600 727 653 759 cunr
672 710 761 759 sumtu

89 774 178 840 magnis
187 776 309 822 ambitione
319 790 381 837 aegre
391 776 531 831 obtinuisset,
541 777 629 824 invenit
639 791 691 824 euro
702 776 763 824 inter

91 850 220 890 scortorum
228 840 315 902 'greges
325 855 445 903 purpuram
454 841 505 889 colo
515 849 615 897 nentem,
626 848 650 888 et
659 838 772 892 muliebri¹

91 909 177 962 babitu,
191 907 254 969 (cum
271 903 367 952 mollitia
377 908 484 968 corporis,
504 915 528 954 et
543 909 660 956 oculorum
670 901 763 953 lascirid
785 898 790 911 ¹

90 987 173 1021 omnes
182 969 278 1017 feminas
288 969 394 1031 anteiret)
401 987 471 1034 pensa
480 974 540 1020 inter
550 973 651 1036 virgines
661 972 762 1033 partien-

89 1045 146 1086 tem.
180 1035 271 1090 Quibus
287 1036 350 1091 visis,
370 1037 501 1099 indignatus
516 1036 556 1086 tali
569 1038 662 1085 feminae
673 1043 763 1083 tantum

90 1104 195 1151 vironlm
213 1101 344 1162 subjectum,
369 1105 518 1163 tractantique
535 1104 620 1160 lanam,
638 1101 723 1149 serrum
737 1105 764 1147 et

90 1181 156 1215 mma
173 1172 290 1228 ponentes
307 1180 400 1228 parere3
417 1181 552 1229 progressus
568 1168 596 1214 ad
608 1164 764 1226 socios'quid

90 1232 182 1284 rident,
194 1230 276 1279 refert:
295 1240 398 1293 negatae
408 1232 516 1292 eiparere
526 1246 599 1292 posse.
610 1232 649 1293 qui
661 1246 685 1278 se
695 1230 762 1276 semi·

92 1313 148 1346 nans
160 1294 223 1342 malit
233 1310 289 1349 esse,
301 1310 367 1356 quam
379 1297 461 1341 virum.
493 1294 532 1342 Fit
541 1297 611 1357 igitur
621 1296 761 1357 conjuratio}

91 1362 178 1411 beilum
188 1360 338 1422 Sardanapalo
348 1359 450 1407 infertur.
484 1360 538 1415 Quo
554 1361 593 1407 ille
613 1360 696 1416 audito,
716 1370 763 1406 non

92 1424 763 1487 utrirregnumdefensumnsedutmetumortismulieres
799 1476 802 1482 ,

90 1493 176 1545 solent,
188 1491 261 1552 primo
271 1490 367 1537 latebras
377 1490 543 1553 circumspicit:
556 1505 611 1538 mox
619 1491 700 1537 deinde
710 1502 764 1536 cum

91 1556 172 1622 paucis
189 1562 213 1602 et
229 1555 384 1616 incompositis
394 1557 418 1602 in
428 1556 511 1603 bellum
523 1556 676 1618 progreditur.
706 1553 764 1601 Vic-

91 1631 140 1680 tus,
157 1623 181 1667 in
199 1621 285 1683 regiam
297 1635 321 1666 se
333 1621 425 1683 recipit3
442 1621 481 1667 ubi
498 1619 613 1668 exstructi
628 1618 765 1682 incensique

90 1685 157 1751 pyri.
169 1693 192 1733 et
203 1700 229 1732 se
239 1693 262 1731 et
273 1685 362 1732 divitias
373 1701 424 1732 suas
435 1686 460 1732 in
471 1686 600 1733 incendium
618 1687 702 1743 mittit3
719 1687 764 1733 boc

93 1753 145 1805 soio
164 1751 264 1798 imitatus
285 1751 368 1796 virum.
400 1749 458 1797 Post
478 1751 539 1798 bunc
557 1766 597 1799 rex
619 1752 765 1799 constituitur

91 1819 168 1864 victor
178 1818 227 1878 ejus
241 1814 349 1870 Arbacen,
367 1816 404 1876 qui
415 1814 536 1877 praefectus
552 1816 675 1866 Medorum
685 1817 767 1865 fuerat.

91 1879 119 1930 Is
129 1882 249 1944 imperium
260 1881 289 1928 ab
299 1881 401 1941 Assyriis
411 1881 440 1927 ad
451 1880 536 1928 Medos
546 1883 660 1931 transfert.

59 1980 60 1983 ,
126 1944 173 1993 lv.
191 1945 249 1992 Post
258 1945 344 1992 multos
355 1945 435 1992 deinde
445 1962 518 2009 reges,
536 1963 576 2009 per
593 1949 694 1996 ordinem
712 1961 765 1994 suc-

92 2012 213 2068 cessionis,
232 2025 329 2072 regnum
341 2011 369 2056 ad
380 2011 499 2074 Astyagen
511 2012 633 2060 descendit.
665 2006 766 2073 Hic'per

94 2091 202 2125 somnum
213 2076 270 2121 vidit
280 2090 310 2121 ex
321 2076 458 2123 naturalibus
468 2076 529 2133 filiae,
540 2093 606 2138 quam
618 2078 708 2135 unicam
723 2077 765 2126 ha·

91 2144 167 2197 bebat,
179 2142 248 2187 vitem
260 2147 356 2195 enatam,
364 2142 428 2203 cujus
434 2142 526 2204 palmite
536 2143 610 2189 omnis
621 2143 677 2191 Asia
685 2144 766 2190 obum-

92 2208 204 2255 braretur.
230 2203 336 2254 Consulti
347 2206 432 2261 harioli,
442 2221 472 2253 ex
482 2204 560 2253 eidem
571 2205 733 2271 trinepotem
744 2210 766 2258 ei

92 2272 205 2327 futurum,
217 2272 280 2334 cujus
291 2271 424 2332 magnitudo
435 2273 606 2333 praenuntietur,
623 2275 732 2336 regnique
743 2277 765 2324 ei

94 2337 241 2385 amissionem
258 2336 368 2398 portendi,
384 2337 555 2398 responderunt.
587 2335 643 2385 Hoc
656 2355 767 2402 responso

94 2403 224 2453 exterritus,
237 2416 310 2462 neque
327 2401 387 2448 claro
397 2402 447 2448 siro
458 2416 532 2463 neque
543 2401 587 2448 civi
597 2401 674 2459 filiam,
686 2420 715 2452 ne
725 2423 768 2473 pa.

94 2473 161 2515 terna
171 2473 316 2527 maternaque
327 2466 430 2514 nobilitas
448 2467 524 2530 nepoti
542 2468 629 2516 animos
640 2470 767 2528 extolleret,

95 2534 136 2580 sed
154 2547 185 2579 ex
206 2538 285 2595 gente,
308 2529 403 2578 obscuri
423 2539 479 2579 tunc
503 2533 618 2595 temporis,
639 2533 766 2591 Persarum,

96 2596 216 2659 cambysi,
237 2596 344 2643 mediocri
363 2597 420 2651 viro,
439 2600 464 2643 in
482 2598 649 2644 matrimonium
668 2600 767 2648 tradidit.

96 2661 134 2710 Ac
142 2678 173 2710 ne
183 2661 216 2710 sic
227 2661 317 2724 quidem
329 2661 410 2708 somnii
421 2668 484 2709 metu
495 2662 604 2724 deposito,
611 2661 727 2723 gravidam
740 2665 769 2711 ad

97 2742 123 2777 se
131 2726 203 2777 tuan
214 2727 315 2786 noent,
323 2732 350 2778 ut
360 2728 403 2775 sub
412 2728 449 2775 avi
459 2727 602 2791 potlssimum
610 2724 682 2773 oculis
691 2734 769 2789 partus

532 2793 575 2836 08
