1800 2942
175 153 313 205 J'USTINI
330 152 383 202 Lm.
391 151 518 202 XXXVI.
533 152 625 203 Caedi.
687 155 734 202 371

64 284 555 348 etiarniormaepulchritudocommendnbat.
574 281 736 344 SedAEgyptii,

65 366 121 399 cum
133 351 229 398 scabiem
240 358 264 398 et
275 351 408 413 vitiliginem
419 357 555 412 paterentur,
567 363 674 410 responso
685 361 735 393 mo·

65 416 117 471 niti,
133 430 186 463 eum
203 430 255 462 cum
272 417 346 478 aegris,
364 430 392 461 ne
436 415 478 461 stis
493 415 521 461 ad
537 413 613 475 plures
629 418 735 475 serperet,

65 480 172 529 terminis
180 478 279 543 AEgypti
287 480 380 548 pellunt,
400 430 458 526 lieux
466 480 536 541 igitur
543 477 734 531 exsulumiactus,

64 560 132 594 saera
150 544 314 608 AEgyptiorum
331 546 392 592 furto
407 545 513 602 abstulit;
536 560 587 606 quae
609 548 736 604 repetentes

64 611 138 659 armis
154 609 268 673 AEgyptii,
285 611 377 658 domum
396 610 471 657 redire
488 609 656 672 tempestatibus
670 621 734 655 com·

62 675 127 739 pulsi
137 683 197 723 sunt.
231 673 311 736 ltaque
323 675 410 730 Moses,
426 673 571 722 Damascena
585 670 679 734 antiqui
693 686 734 733 pe-

63 737 112 788 trit
128 738 230 803 repetiti,
248 747 350 789 montem
365 741 435 802 Syme
451 747 560 802 occupat:
580 754 631 801 quo,
647 743 734 798 septem

63 806 154 853 ἁίοτυω
161 806 249 869 jejunio
262 820 303 867 per
319 807 407 853 deserte
417 805 509 853 Arabiae
525 820 577 852 cum
592 802 675 867 populo
693 811 735 848 suo

60 869 181 932 inrigatus,
190 885 241 917 cnm
250 871 340 918 tandem
347 871 453 926 venisset,
462 871 582 932 septimum
590 870 649 916 diem
659 869 735 932 (more

62 935 144 997 gentis
155 934 417 998 Sabdatanppellatum)
434 936 459 981 in
475 951 544 982 omne
559 950 634 983 aevum
646 931 734 996 jeJunio

63 999 170 1054 sacravit,
186 1000 292 1060 quoniam
309 1000 347 1045 illa
365 1000 413 1044 dies
429 999 512 1045 famem
531 999 575 1046 illis
590 1010 736 1058 erroremque

61 1063 162 1112 finierat.
194 1062 228 1111 Et
238 1064 344 1124 quonism
354 1068 417 1109 metu
433 1064 575 1124 contagionis
585 1064 662 1125 pulsos
673 1078 698 1109 se
707 1061 736 1108 ab

63 1128 175 1191 AEgypto
190 1128 345 1182 meminerant,
363 1141 392 1173 ne
410 1124 488 1173 eidem
507 1125 575 1173 cousi
590 1127 656 1173 invisi
676 1126 735 1189 apud

62 1194 153 1243 incolas
163 1192 245 1248 forent,
256 1199 373 1249 caverunt,
384 1206 414 1238 ne
425 1206 477 1238 cum
490 1192 615 1253 peregrinis
631 1197 733 1237 conamu-

62 1260 182 1307 micarent:
201 1257 268 1319 quod,
283 1272 312 1305 ex
323 1254 390 1304 causi
399 1256 491 1310 iactum,
502 1256 609 1318 paulatim
624 1256 648 1301 in
665 1255 733 1301 disci·

78 1325 152 1370 linem
162 1322 339 1386 religionemque
347 1322 466 1369 convertit
494 1320 552 1367 Post
563 1321 654 1375 Mosen,
665 1319 734 1367 etism‘

61 1341 125 1437 Elius
136 1389 185 1450 eJus
196 1388 278 1442 Aruas,
291 1388 394 1436 sacerdos
405 1387 474 1434 sacris
484 1386 610 1449 AEgyptiis,
622 1399 677 1432 mox
692 1397 733 1431 rex

62 1461 170 1511 ereetum
192 1468 323 1516 semperque
341 1452 423 1500 exinde
439 1452 475 1498 hic
494 1467 544 1498 mos
563 1451 621 1513 apud
638 1448 733 1499 Judmos

60 1518 115 1573 i'uit,
128 1524 154 1565 ut
164 1519 255 1565 eosdem
266 1533 332 1581 reges
340 1524 363 1564 et
371 1517 498 1566 sacerdotes
505 1513 626 1572 haberent3
637 1529 734 1576 quorum

56 1581 152 1649 justitid
169 1583 280 1646 religione
292 1580 411 1647 permixti,
424 1582 553 1629 incredibile
568 1587 676 1643 quantum
692 1594 732 1626 co·

61 1645 150 1698 aluere

97 1710 149 1760 111.
165 1711 227 1776 Opes
243 1712 308 1775 genti
325 1726 355 1759 ex
371 1712 519 1775 vectigalibus
536 1710 671 1775 opobalsami
682 1724 732 1757 cre·
800 1705 805 1710 ”

60 1777 127 1834 vere,
141 1778 202 1839 quod
215 1778 239 1825 in
253 1778 288 1825 his
302 1784 391 1825 tantum
401 1777 531 1840 regiom'bus
545 1777 654 1839 gignitur.
686 1773 732 1824 Est

60 1857 164 1905 nemque
175 1843 245 1899 vallis,
257 1857 310 1904 qum
323 1842 435 1890 continuis
451 1842 572 1898 montibus,
590 1842 652 1889 velut
666 1855 731 1888 muro

36 1909 39 1926 '
60 1909 171 1972 quodam,
192 1908 310 1956 adinstar
327 1914 459 1962 nmtrorum,
479 1908 595 1954 clauditur.
629 1907 731 1968 Spatium

57 1974 107 2023 loci
119 1973 217 2020 ducenta
223 1974 320 2036 jugeru
336 1973 428 2020 nornine
443 1972 567 2020 Hiericbus
580 1972 668 2018 dicitur.
702 1967 732 2016 In

59 2037 91 2089 ed
101 2038 162 2085 valle
172 2039 229 2085 silva
239 2045 280 2092 est,
291 2046 315 2086 et
326 2039 427 2085 ubertate
436 2046 461 2085 et
475 2039 606 2085 amoenitate
618 2034 730 2096 insiguis3

59 2104 175 2166 siquidem
186 2103 284 2165 palmeta
294 2110 318 2150 et
328 2104 495 2166 opobalsameto
506 2102 659 2163 distinguitur.
685 2099 731 2146 Ar·

58 2171 130 2218 bores
145 2168 280 2229 opobalsami
296 2167 393 2215 somnam
413 2169 509 2214 similem
528 2168 598 2228 piceis
617 2164 731 2212 arboribus

59 2235 154 2288 habent,
166 2233 208 2280 nisi
220 2233 281 2293 quod
291 2240 344 2280 sunt
354 2233 450 2280 humiles
461 2232 541 2293 mags,
553 2237 576 2278 et
583 2232 607 2276 in
613 2230 730 2276 vinearum

59 2312 151 2347 morem
163 2298 304 2346 excoluntur.
336 2297 385 2346 Hae
395 2306 458 2344 certo
469 2298 522 2343 anui
539 2304 641 2356 tempore
657 2294 730 2341 balsa-

59 2359 127 2413 mum
143 2362 232 2411 sudant.
269 2363 313 2410 Sed
328 2377 375 2410 non
390 2363 465 2409 minor
483 2362 526 2408 loci
545 2363 594 2424 ejus
610 2359 731 2423 apricitatis

59 2442 131 2492 quam
142 2428 250 2475 ubertatis
264 2429 380 2475 admiratio
394 2434 441 2474 est:
462 2428 544 2488 quippe
554 2440 605 2472 curn
617 2431 666 2471 toto
677 2425 732 2471 orbe

58 2493 163 2557 regionis
179 2495 228 2555 ejus
244 2494 413 2541 ardentissimus
432 2491 467 2539 soi
483 2493 521 2544 sit,
542 2491 571 2537 ibi
589 2489 657 2552 tepidi
673 2488 731 2535 aeris

57 2557 171 2608 saturatis
181 2558 285 2618 quedam
295 2573 321 2605 ac
332 2566 440 2634 perpetua
450 2557 554 2618 apricitas
565 2556 630 2602 inest.
664 2550 692 2598 In
704 2550 731 2597 ei

56 2624 157 2687 regione
166 2621 229 2670 lacus
236 2629 272 2670 est
279 2622 425 2685 Asphaltites,
436 2623 482 2682 qui,
490 2629 581 2684 propter
591 2616 729 2682 magnitudi-

55 2703 114 2739 nem
125 2692 150 2736 et
160 2701 226 2751 sque
234 2687 422 2746 immobilitatem,
433 2686 553 2736 liminum
562 2699 624 2733 mare
632 2682 726 2729 dieitur:
