1800 2942
170 110 217 155 les
298 105 413 158 Mncssr
429 104 558 158 LICINII
574 104 713 157 ORATIO.

169 237 230 285 enim
246 238 335 285 enimus
352 243 388 285 est
404 238 433 285 sd
447 252 553 299 enxquss
569 238 664 300 plenem,
682 236 835 296 desendundn

170 309 252 349 cetere
274 303 405 350 validiorum
428 309 488 350 sunt.
525 303 565 349 An
587 303 678 350 dubium
699 303 837 358 habetisne

170 367 260 414 efficere
277 368 332 429 quid
352 368 416 415 uobis
437 383 484 415 uno
505 367 580 415 enimn
596 367 743 429 pergentibus
764 368 837 430 possit,

169 446 226 492 quos
243 432 363 495 languidos
381 433 529 493 seeordesque
546 430 706 494 pertimuere?
721 433 767 480 nisi
782 433 838 483 ferte

171 494 200 544 C.
208 494 284 553 Cotta,
296 497 434 545 exsectione
444 496 518 544 medii
528 497 614 552 consul,
623 497 688 543 aliter
698 504 837 558 qusmmetu

173 561 179 574 '
197 576 221 608 rs
231 562 334 622 quaedsm
345 563 440 609 tribunis
450 562 521 624 plebis
532 562 637 609 restituit.
660 561 694 609 Et
704 576 837 625 quamquam

167 576 200 674 ἰ
209 626 313 681 Sicinius,
334 629 419 689 primus
429 628 458 674 de
468 624 711 689 potestatetribunicii
718 628 837 689 loquitu·

170 705 216 745 sus,
234 693 385 740 mussantibus
406 693 477 747 vobis,
497 692 664 739 circumventus
686 699 747 751 erst;
764 700 837 740 tomen

168 756 230 817 prius
242 757 274 803 illi
285 758 391 804 invidiam
402 754 510 812 metuite,
527 771 594 818 quom
604 771 646 803 vos
657 757 746 820 injuriae
756 765 837 819 perte-

168 835 219 867 sum
230 829 272 868 est.
306 820 375 875 Quod
385 838 430 885 ego
447 822 603 884 nequeuntis
618 821 702 877 mirsri.
720 821 836 875 Quirites:

169 900 222 932 unm
230 898 296 947 ‘spem
307 885 390 934 srustru
400 887 470 934 fuisse
485 886 635 934 intellexistis.
666 884 730 933 Sunt
740 895 835 941 mortuo,

169 951 208 1010 qui
219 949 338 997 scelestum
353 952 491 1013 imposuerat
508 952 632 1006 servitium,
643 950 712 998 linem
723 951 778 998 meli
789 967 837 1001 cre-

169 1015 261 1062 debatis.
294 1014 365 1062 Ortus
376 1024 412 1062 est
421 1016 491 1078 longe
501 1013 699 1063 sessionCatulus.

202 1079 324 1127 Tumultus
340 1080 472 1136 intercessit,
484 1080 558 1127 Bruto
568 1087 597 1127 'et
607 1079 703 1128 AEmilio
718 1079 837 1129 Msmeroo

170 1142 238 1194 Coss.
247 1146 298 1192 dein
310 1143 338 1193 C.
349 1143 421 1194 Curio
431 1147 460 1193 sd
468 1145 561 1193 exitium
570 1160 641 1206 usque
651 1146 749 1192 insontis
757 1146 838 1201 tribuni

169 1209 296 1257 dominatus
306 1217 348 1258 est.
374 1210 491 1258 Lucullus
502 1211 615 1272 superiore
622 1210 681 1257 suno
688 1211 779 1271 quentis
790 1211 839 1261 aui·

169 1275 213 1322 mis
223 1276 315 1322 ieritin
327 1275 356 1322 L
372 1275 499 1330 Quintium,
514 1276 616 1335 vidistis:
636 1276 839 1337 qusntaerdenique

168 1355 229 1388 nunc
239 1341 294 1387 mihi
305 1339 537 1388 turbaeconeitsntur!
555 1356 606 1402 quse
612 1339 714 1402 profecto
723 1341 839 1388 incessum

135 1454 137 1457 ,
168 1412 296 1468 agerentur,
314 1407 340 1460 si,
358 1406 504 1467 priusquam
522 1420 564 1452 vos
583 1405 697 1452 serviundi
712 1403 840 1461 tuemini

169 1469 327 1518 dominationis
336 1470 417 1518 facturi
428 1477 506 1517 ernnts
525 1471 649 1531 prsesertim
666 1485 717 1516 cum
732 1471 769 1517 his
783 1470 840 1517 ciui·

168 1535 227 1581 libus
245 1537 313 1582 srmis
324 1536 382 1582 diets
393 1535 442 1590 alia,
460 1535 500 1582 sed
515 1542 624 1582 certatum
635 1535 748 1595 utrimque
759 1535 788 1582 de
799 1535 840 1582 do-

167 1600 292 1646 minatione
310 1601 333 1646 in
350 1601 415 1647 vobis
431 1601 468 1646 sit.
483 1617 487 1625 ¹
500 1597 581 1662 Itaque
597 1606 680 1646 caeters
695 1614 724 1646 ex
739 1598 841 1653 licentii,

169 1664 283 1718 sutodi0,
302 1671 341 1712 eut
358 1662 452 1712 eventii
469 1665 492 1711 in
509 1672 597 1726 tempus
607 1661 696 1711 srsdrer
715 1664 841 1726 permensit

168 1742 214 1774 uns
224 1743 260 1774 res
270 1730 345 1783 modo,
357 1745 409 1791 quae
425 1732 538 1791 utrimque
555 1730 650 1790 quaesitu
660 1734 703 1785 est,
720 1736 745 1776 et
762 1735 841 1791 erepte

168 1792 192 1838 in
203 1799 325 1853 posterum,
348 1795 384 1839 vis
398 1795 523 1850 tribunicio,
534 1795 605 1841 telum
615 1809 629 1840 s
639 1793 761 1857 majoribus
770 1794 841 1840 liber·

168 1858 208 1904 tati
219 1867 328 1919 paratum.
362 1857 430 1911 Quod
448 1876 493 1923 ego
502 1875 551 1907 sos
565 1874 654 1915 moneo,
671 1874 803 1920 quaesoque,
815 1865 848 1906 ut·

166 1923 362 1977 snimsdvortstis3
380 1939 431 1980 neu,
442 1925 537 1972 nomina
546 1939 619 1972 rerum
631 1924 659 1971 sd
666 1924 783 1986 nuntiem
789 1938 843 1973 mu·

167 1995 247 2043 tentes,
265 1988 335 2034 otium
346 2004 396 2050 .pro
411 1991 504 2037 servitio
521 1988 649 2052 appelletis3
666 2004 712 2050 quo
721 1990 774 2051 ⁴jum
787 1989 844 2051 ipso

167 2052 218 2107 frui,
229 2054 248 2100 si
259 2069 312 2100 veru
323 2060 346 2100 et
357 2055 453 2101 honesta
462 2054 573 2118 flagitium
584 2055 729 2117 superaverit,
746 2068 796 2101 non
807 2059 845 2100 est

169 2119 281 2165 conditio:
301 2119 387 2173 suisset,
405 2121 424 2165 si
435 2116 665 2180 omninoquidssetis.
696 2117 770 2165 Nunc
790 2118 842 2166 ani·

167 2198 229 2229 nrum
246 2184 371 2231 advortitez
391 2192 420 2238 et,
440 2185 484 2231 nisi
500 2184 618 2241 viceritis*
628 2186 746 2247 (quonism
765 2183 845 2230 omnis

166 2248 369 2310 injurisgruvitnte
379 2251 449 2297 tutior
459 2248 505 2311 est)
517 2250 600 2296 arctius
610 2249 730 2296 habebunt.
754 2247 846 2303 “Quid

167 2327 246 2361 censes
257 2314 327 2375 igitur
333 2314 362 2359 ?’'
379 2316 459 2375 aliquis
470 2315 571 2362 vestrdm
582 2314 708 2376 subjecerit.
735 2312 846 2360 Primum

167 2378 268 2423 omnium
286 2380 437 2427 omittundum
456 2394 543 2426 morem
554 2381 692 2439 huncquem
707 2379 786 2439 agitis,
798 2377 846 2427 im·

165 2442 341 2504 pigmlr'nguae,
356 2445 425 2490 animi
435 2445 520 2507 ignavi,
536 2443 657 2491 nonultru
672 2442 847 2491 concionem·

167 2521 343 2555 eummemores
352 2509 468 2557 libertatis.
501 2508 565 2556 Dein
576 2509 618 2572 (ne
627 2523 670 2556 vos
681 2507 796 2555 sdnirilia
806 2507 848 2554 ills

166 2585 310 2633 vocem..quo
321 2573 423 2621 tribunos
432 2574 512 2636 plebei,
517 2573 586 2621 modo
592 2573 709 2636 patricium
717 2574 847 2634 magistra·

143 2673 146 2677 .
166 2643 226 2695 turn,
236 2637 307 2697 libers
318 2639 347 2688 sti
362 2639 607 2704 suetonbusrpstriciis
616 2637 852 2702 summumne&
