1800 2942
175 185 206 231 72
405 175 422 226 J
426 175 607 225 UGURTHAL
728 177 792 228 Car.
804 185 846 228 422

175 346 181 355 ,
205 308 276 358 XLI.
294 305 409 356 Caeterum
430 321 480 354 mos
496 308 593 368 partium
609 306 747 370 popularium
765 316 790 355 et
808 325 845 357 se-

174 378 220 425 nati
231 375 361 426 factionum,
373 386 399 418 ac
416 372 496 419 deinde
512 374 613 418 omnium
630 372 738 419 malarum
750 376 844 429 artium,

173 442 250 509 paucis
261 447 314 486 aute
332 437 396 484 annis
412 435 496 485 Romae
515 444 585 492 ortus,
601 438 648 484 otio
666 444 689 484 et
706 439 845 497 abundantii

173 522 250 555 earum
263 518 345 558 rerum,
364 517 415 562 quae
432 503 504 564 prima
522 502 629 549 mortales
645 503 737 550 ducunt.
771 503 845 560 Nam,

145 568 149 581 ¹
174 579 227 619 ante
239 568 400 629 Carthaginem
412 567 517 621 deletam,
536 567 632 630 populus
648 575 672 614 et
688 576 780 615 senatus
792 568 845 616 Ross

173 651 254 684 manus
275 633 362 697 placide
383 633 529 692 modesteque
550 633 609 679 inter
637 647 662 678 se
683 634 846 694 rempublicam

172 701 310 760 tractabant:
331 711 403 758 neque
412 697 493 759 gloriae
510 712 584 758 neque
601 697 759 745 dominationis
769 707 845 753 cerm

173 782 226 814 men
237 763 362 812 intercisis
373 769 434 808 erat:
445 768 530 808 umetus
543 761 630 809 hostilis
646 762 670 808 in
680 763 746 809 bonis
756 765 845 812 artibus
868 766 870 777 ’

173 832 287 878 civitatem
298 827 414 874 retinebat.
447 826 499 881 Sed,
520 827 556 872 ubi
572 827 611 873 ilia
621 826 717 874 fonnido
727 829 845 881 mentitus

173 895 290 951 discessit;
307 891 392 939 scilieet
403 906 436 945 ea,
448 906 500 951 quae
511 893 617 938 secundae
628 907 664 938 res
675 899 758 947 amant,
774 893 844 947 lasci

172 961 210 1010 via
220 968 288 1020 atque
299 956 400 1019 superbia
410 953 531 1002 incessere.
563 953 607 1010 Ita,
624 956 683 1017 quod
699 956 722 1002 in
736 958 844 1006 advorsis

172 1028 238 1073 rebus
249 1027 381 1086 optaverant
391 1021 469 1074 otium,
480 1028 599 1082 postquam
610 1021 684 1082 adepti
696 1027 756 1075 sunt,
773 1037 843 1084 aspe5

172 1091 226 1145 rius,
249 1088 392 1145 acerbiusque
419 1084 477 1132 fuit:
504 1100 601 1146 namque
622 1083 712 1146 cepere
734 1086 844 1137 nobilitas

172 1156 312 1218 dignitatem,
323 1149 418 1214 populus
426 1149 557 1203 libertatem,
566 1150 590 1196 in
601 1149 721 1196 lubidinem
733 1159 840 1207 rorteret

172 1221 214 1269 sibi
232 1219 324 1281 quiaque
342 1216 430 1269 ducere,
448 1214 542 1268 trabere,
562 1230 646 1276 mpero.
678 1213 714 1260 lta
728 1217 806 1263 omnia
817 1219 843 1273 in

173 1287 228 1333 duas
247 1281 440 1346 partis'abstracta
459 1287 525 1325 sunt:
545 1280 675 1341 respublica,
694 1295 746 1339 quae
765 1283 843 1337 media

171 1350 252 1403 fuerat,
263 1348 388 1395 dilacerata.
422 1342 537 1391 Caeterum
547 1345 650 1391 nobilitas
657 1343 755 1390 factione
765 1349 844 1408 magis

172 1416 284 1479 pollebat:
303 1411 372 1474 plebis
383 1409 417 1455 vis
428 1409 502 1455 soluta
512 1418 579 1469 atque
597 1410 703 1471 dispersa,
720 1410 743 1455 in
761 1411 844 1463 multi,

172 1482 257 1534 tudine,
276 1478 350 1524 minus
368 1481 469 1536 poterat:
488 1489 610 1535 paucorum
625 1475 715 1521 arbitrio
730 1474 782 1521 belli
798 1477 843 1524 do-

172 1548 249 1607 mique
265 1543 404 1605 agitabatur:
423 1554 493 1601 penes
511 1539 600 1586 eosdem
618 1540 729 1603 aerarium,
745 1543 843 1600 provin-

173 1612 221 1665 ciae,
238 1609 388 1670 magistratus,
405 1604 492 1666 gloriae,
509 1604 660 1666 triumphique
670 1611 747 1650 crant:
767 1621 843 1667 popuf

172 1678 209 1723 lus
226 1670 304 1720 mittut
321 1678 388 1730 atque
404 1666 480 1731 inopiis
497 1669 634 1731 urgebatur3
649 1668 737 1730 praedas
747 1666 843 1725 bellicas

171 1742 317 1804 imperatores
327 1750 378 1782 curn
393 1734 470 1796 paucis
485 1734 624 1796 diripiebant.
656 1731 747 1780 Interea
757 1749 842 1794 paren-

173 1815 207 1855 tes
225 1812 263 1852 aut
280 1801 342 1864 parvi
361 1799 424 1845 liberi
443 1798 546 1854 militurn,
564 1799 700 1860 utquisque
716 1800 842 1859 potentiori

171 1871 268 1920 confinis
278 1872 333 1920 erat,
350 1863 438 1912 sedibus
449 1864 594 1924 pellebantur.
621 1861 671 1917 lta,
688 1878 740 1909 cum
756 1871 842 1925 poten-2

171 1935 210 1991 tid,
222 1932 314 1982 stantia
325 1930 374 1976 sine
393 1927 462 1978 modo
480 1927 635 1988 modestiique
653 1927 842 1990 inradere3p01-

171 2003 234 2049 luere
245 2006 268 2045 et
276 2002 365 2042 vastare
376 1993 466 2050 omnia;
483 1993 539 2040 nihil
549 1994 619 2055 pensi,
633 2008 706 2054 neque
716 1995 788 2040 sancti
798 1994 842 2043 ha·

171 2067 233 2122 bere,
244 2061 318 2124 quoad
330 2058 460 2119 semetipsa
470 2058 624 2120 praecipitavit.
656 2057 717 2107 Nam
738 2058 774 2105 ubi
792 2057 843 2120 pri.

144 2180 147 2187 ,
171 2146 234 2179 mum
247 2125 288 2191 [ex
300 2121 425 2188 nobilitate]
437 2124 518 2184 reperti
529 2131 588 2178 sunt,
605 2123 644 2183 qui
654 2138 731 2173 veram
742 2123 842 2185 gloriam

171 2198 261 2258 injustae
282 2190 391 2254 potentiae
409 2194 589 2250 anteponerent3
606 2189 692 2236 moveri
711 2188 800 2243 civitas,
817 2198 844 2237 et

171 2258 291 2325 pennixtio
302 2255 380 2310 civilis,
398 2253 461 2314 quasi
473 2253 579 2299 discessio
591 2260 664 2306 terrm,
682 2252 735 2298 oriri
746 2255 827 2315 coepit.

172 2351 175 2355 ·
204 2320 287 2371 XLII.
303 2320 372 2375 Nam,
389 2327 508 2381 postquam
524 2317 628 2364 Tiberius
645 2325 670 2363 et
688 2315 716 2365 C.
728 2317 843 2376 Graccus,

171 2403 266 2453 quoram
285 2387 382 2448 majores
400 2383 488 2430 Punico
506 2389 574 2443 atque
593 2382 642 2428 aliis
659 2382 723 2429 bellis
742 2384 844 2432 multum

171 2453 299 2519 reipublicae
318 2449 454 2501 addiderant,
471 2448 584 2494 vindicare
601 2447 688 2509 plebem
706 2447 730 2492 in
749 2448 844 2497 liberta·

136 2515 143 2522 ’
171 2529 225 2575 tem,
237 2526 260 2565 et
270 2529 393 2579 paucorum
406 2514 490 2561 scelera
500 2512 627 2574 patefacere
637 2510 741 2574 coepire3
760 2515 843 2573 nobili-

169 2594 205 2633 tas
225 2583 299 2636 noxia,
320 2588 387 2641 atque
402 2594 430 2625 eo
448 2578 557 2640 perculsa,
575 2578 643 2624 modo
662 2593 702 2639 per
721 2579 843 2636 sociosne

171 2666 255 2699 nornen
277 2646 393 2700 Latinum,
409 2644 523 2690 interdum
541 2658 582 2705 per
603 2643 691 2704 equites
712 2640 844 2705 Romanos,

170 2733 227 2780 quos
238 2730 290 2779 spes
307 2710 421 2761 societatis
439 2725 452 2756 a
470 2708 535 2772 plebe
549 2709 680 2783 dimoyeraq
699 2708 845 2769 Graecorum
