1800 2942
107 168 170 213 -128
278 161 628 213 LPHILIPPI'ORATIO.
649 164 656 179 ’

125 294 172 372 puli
190 292 288 341 Romani
304 293 355 341 fuit.
387 293 454 349 Qnae,
473 294 492 340 si
506 294 570 341 vobis
580 307 625 356 pax
635 297 659 340 et
670 295 813 343 concordia’

126 360 290 421 intelliguntur,
309 374 416 406 manuam
426 360 567 406 turbamenta
578 357 707 420 reipublicae
724 366 797 421 atque

127 426 197 472 exitia
207 426 312 485 probate:
336 425 428 470 annuite
446 425 534 486 legibus
554 423 681 485 impositis3
699 425 798 487 accipite

128 490 200 538 otium
211 503 263 535 cum
274 488 381 543 servitio;
399 497 423 535 et
442 490 523 535 tradite
540 488 668 549 exemplum
689 491 798 550 posteris,
825 508 827 511 ·

128 554 157 601 ad
175 553 282 615 populum
300 552 439 600 Romanum*
454 555 535 600 suimet
552 553 668 614 sanguinis
690 555 799 602 mercede

128 617 358 665 circumveniundnm.
389 617 457 671 Mihi,
475 632 609 678 quamquam
620 633 661 678 per
676 619 721 664 hoc
732 633 798 666 sum-

129 697 192 730 mum
203 683 320 743 imperium
331 683 385 730 satis
395 683 515 744 quaesitum
524 692 573 729 erat
580 682 665 729 nomini
676 683 798 744 majorum,

130 747 240 809 dignitati,
252 755 318 808 atque
329 748 396 795 etiam
406 747 526 809 praesidio;
538 755 614 794 tamen
625 745 727 793 nonfuit
738 763 797 795 con-
823 754 828 760 ’

130 812 204 859 silium
215 812 313 873 privatas
328 828 382 874 opes
396 811 485 870 facere3
502 813 620 874 potiorque
630 812 680 858 visa
690 819 726 859 est
736 815 798 874 peri-

130 877 208 924 culosa
228 876 317 923 libertas
338 878 415 938 quieto
433 877 533 924 seruitio.
574 876 635 930 Quae
654 877 799 938 si-probatis,

131 942 215 996 adeste,
223 940 339 997 Quirites3
351 949 383 998 et,
389 942 446 988 bene
453 941 584 1004 juvantibus
591 939 651 995 Diis,
658 940 696 991 M.
702 940 798 988 AEmili·

131 1021 171 1055 um
182 1007 304 1060 consulem,
321 1007 401 1053 ducem
412 1013 436 1053 et
445 1013 561 1056 auctorem
571 1006 690 1068 sequimini
700 1007 730 1054 ad
740 1007 801 1055 reci·

131 1071 378 1137 piundamlibertatem.

233 1215 264 1263 L
275 1206 381 1278 Plut‘b'pmi
393 1216 474 1264 Oratis
485 1223 567 1264 contra
578 1215 706 1277 Lepidoton·

134 1330 345 1388 Maxumvellem,
353 1331 380 1378 P
387 1328 415 1379 C
422 1331 581 1393 rempubbcam
588 1331 686 1392 quietam
693 1344 750 1386 esse,
760 1336 800 1379 aut

134 1398 159 1444 in
169 1397 274 1459 periculis
284 1411 298 1443 a
308 1398 468 1458 promtissumo
479 1411 568 1456 quoquc
579 1395 684 1453 defendi3
702 1389 800 1458 denique
828 1396 831 1399 ’

134 1476 204 1526 prava
213 1463 303 1524 incepta
314 1461 479 1508 consultoribus
490 1475 557 1507 noxae
568 1474 624 1507 esse.
646 1431 698 1514 Sed,
711 1467 798 1517 contra,

135 1528 280 1574 seditionibus
290 1527 366 1573 omnia
376 1527 465 1573 turbata
475 1531 533 1580 sunt,
554 1533 577 1571 et
588 1526 640 1571 ab‘'
626 1540 660 1579 ua,
675 1538 733 1586 quos
747 1541 800 1587 pro·
827 1530 829 1533 ’

135 1593 212 1639 hibere
232 1592 305 1654 magis
327 1591 431 1638 decebat:
451 1597 571 1652 postremo,
594 1604 645 1651 quae
660 1592 759 1651 pessumi
778 1597 801 1638 ct

135 1656 269 1704 stultissumi
287 1654 413 1710 decrevere,
430 1669 458 1704 ea
476 1654 541 1702 bonis
557 1660 580 1701 et
599 1654 735 1716 sapientibus
745 1656 801 1703 faci·

136 1722 196 1768 unda
211 1728 272 1768 sunt
304 1719 366 1766 Nam
386 1720 471 1767 bellum
492 1726 558 1779 atque
576 1733 644 1775 arma,
667 1734 802 1780 quamquam

135 1786 222 1834 vobis
216 1786 295 1862 invisa,
314 1792 396 1840 tamen,
411 1786 464 1846 quia
478 1782 565 1846 Lepido
576 1784 673 1846 placent,
691 1786 802 1832 sumunda

136 1858 204 1908 sunt;
221 1851 264 1897 nisi
257 1848 335 1897 forte
346 1850 382 1897 eui
392 1865 471 1911 pacem
481 1855 596 1911 praestare,
612 1855 636 1895 ct
651 1848 735 1896 bellum
748 1851 803 1913 pati,

136 1885 255 1965 consilium
266 1922 308 1962 est

171 1980 225 2036 Pro,
232 1978 274 2026 Dii
284 1980 344 2035 boni,
355 1995 393 2040 qur
386 1980 459 2027 hanc
467 1978 560 2034 Urbem
571 1977 655 2027 omissi
663 1978 723 2035 cura,
731 1980 804 2028 adbuc

137 2045 228 2109 regitis!
247 2044 284 2092 Μ.
294 2045 409 2100 AEmilius,
428 2045 529 2092 omnium
540 2043 704 2106 flagitiosorum
715 2055 805 2107 postre-

138 2126 196 2166 mus,
209 2111 247 2172 qui
258 2111 320 2173 pejor
331 2126 359 2157 an
370 2111 477 2172 ignavior
485 2110 520 2165 sit,
536 2110 651 2157 deliberari
662 2125 708 2156 non
719 2116 805 2172 potest,

138 2176 263 2223 exercitum
274 2175 428 2238 opprimundae
441 2174 550 2222 libertatis
561 2175 633 2230 habet
650 2181 673 2221 ct
684 2189 733 2221 sce
749 2190 805 2222 con·

139 2247 212 2289 temto
222 2241 370 2288 metuundum
381 2238 468 2287 effecit.
488 2255 531 2286 vos
540 2246 674 2295 mussantes,
686 2245 712 2285 et
720 2247 806 2287 retrac-

139 2313 213 2354 tantes
229 2306 303 2352 verbis
325 2312 348 2352 et
370 2311 447 2352 vatum
465 2304 607 2358 carminibus,
626 2318 705 2365 pacem
724 2306 808 2366 optatis

139 2372 220 2434 magis,
241 2385 309 2431 quam
324 2369 457 2426 defenditis;
476 2385 549 2430 neque
560 2369 694 2430 intelligitis,
712 2369 811 2418 mollitiei

139 2436 281 2483 decretorum
302 2437 366 2482 vobis
384 2436 525 2496 dignitatem,
555 2434 588 2480 illi
607 2440 693 2480 metum
716 2434 811 2485 detrahi.v

140 2501 218 2561 Atque
237 2501 260 2547 id
273 2501 342 2562 jure;
358 2499 464 2559 quoniam
479 2514 508 2545 ex
519 2499 602 2560 rapinis
612 2498 763 2553 consulatum,
781 2501 810 2547 ob

140 2565 272 2612 seditionem
294 2564 433 2625 provinciam
456 2578 508 2608 cum
529 2564 638 2616 exercitu,
660 2562 756 2624 adeptus
770 2571 813 2611 est

142 2629 206 2684 Quid
216 2629 253 2675 ille
264 2630 293 2674 ob
303 2628 419 2675 benefacta
425 2628 529 2688 cepisset,
541 2627 605 2689 cujus
616 2627 736 2674 sceleribus
748 2635 811 2677 tanta

141 2694 236 2758 praemia
248 2692 376 2740 tribuistis?
394 2691 428 2738 At
439 2691 526 2740 scillcet
538 2693 561 2748 ii,
575 2692 621 2752 qui,
633 2691 661 2738 ad
671 2698 812 2753 postremum
845 2700 848 2705 ’
