1800 2942
381 507 570 577 JUSTINI
611 523 612 528 ’

157 696 446 760 HISTORIARUM
466 694 791 757 PHILIPPICARUM

308 876 417 927 LIBER
434 873 631 928 SECUNDUS.

171 1157 191 1207 Ι.
208 1155 811 1219 IsrelmlonerrrumrbScythisgestrrumquaers·

139 1223 170 1272 tis
180 1224 262 1287 amplos
272 1223 446 1287 magnificoque
463 1222 562 1275 fuerunt,
579 1220 714 1283 principium
725 1222 754 1267 ub
763 1222 813 1269 ori·

140 1288 195 1353 gine
206 1289 351 1353 repetendum
359 1296 408 1337 est:
423 1288 538 1336 nonenim
549 1287 625 1333 minus
634 1285 811 1343 illustrisinitis,

139 1369 206 1416 quum
218 1355 336 1417 imperium
347 1350 460 1410 hebudre3
477 1368 520 1399 nec
531 1352 631 1399 virorum
648 1351 723 1414 magis
740 1366 812 1413 quum

137 1419 272 1468 feminarum
295 1420 414 1467 virtutibus
441 1415 556 1465 clrrudrer
589 1418 670 1480 quippe
692 1430 745 1463 oum
767 1417 814 1479 ipsi

139 1484 237 1534 Prrtlmr
253 1485 439 1546 Bactrianosque,
456 1483 548 1530 feminae
558 1489 634 1529 nutem
645 1495 724 1530 eorum
735 1480 812 1530 Amr·

139 1566 225 1599 sonum
243 1565 320 1613 regnu,
348 1548 502 1605 condiderint3
518 1561 611 1610 prorsus
628 1554 654 1594 ut
674 1561 712 1594 res
733 1554 814 1609 gestas

138 1616 239 1663 virorum
253 1616 418 1677 mulierumque
433 1613 627 1661 considerantibus
643 1613 756 1658 incertum
773 1612 812 1670 sit,

138 1687 190 1730 uter
208 1681 268 1743 spud
289 1696 329 1729 eus
347 1696 415 1727 sexus
436 1679 546 1726 illustrior
562 1677 639 1725 fuerit.
671 1676 811 1738 Scytharum

138 1759 197 1808 gens
213 1745 368 1805 antiquissimu
384 1760 473 1807 semper
491 1744 580 1801 habitu
597 1757 735 1804 quemquam
752 1743 813 1789 iuter

139 1810 237 1870 Scythas
248 1817 272 1856 et
282 1809 408 1872 AEgyptios
418 1810 458 1856 diu
467 1807 583 1856 contentio
594 1807 721 1870 degeneris
731 1814 812 1858 vetus·

139 1881 186 1922 tute
195 1873 278 1920 fuerit:
297 1874 416 1937 AEgyptiis
425 1872 605 1936 praedicsntibus,
627 1871 715 1918 “initio
726 1887 811 1928 rerum,

139 1954 192 1987 oum
211 1938 262 1986 uliae
279 1946 347 1986 terrae
363 1940 433 1986 nimio
447 1938 538 1986 fervore
555 1937 609 1984 solis
626 1936 738 1990 arderent,
760 1937 814 1986 ulire

140 2005 240 2067 rigerent
249 2003 342 2065 frigoris
352 2003 498 2058 immanitate,
515 2004 548 2050 ite
558 2009 583 2049 ut
594 2017 640 2049 non
651 2001 720 2049 modo
730 2002 813 2063 primae

139 2084 249 2133 generare
256 2070 366 2123 homines,
375 2069 416 2115 sed
426 2084 456 2116 ne
466 2068 565 2116 advenas
575 2067 665 2127 quidem
674 2067 776 2128 recipere
786 2083 813 2115 su

141 2135 199 2181 tueri
210 2141 309 2196 possent,
320 2134 450 2197 priusquam
462 2134 570 2181 adversus
580 2132 679 2179 calorem
689 2132 728 2178 vei
738 2131 813 2194 frigus

140 2198 269 2247 velamenta
288 2200 388 2262 corporis
405 2199 568 2253 invenirentur,
587 2198 625 2244 vel
641 2197 745 2244 locorum
757 2198 814 2245 vitis

141 2264 242 2324 quaesitis
264 2271 312 2311 arte
334 2264 437 2311 remediis
457 2264 606 2316 mollirentur,
629 2260 763 2324 AEgyptum
782 2265 814 2311 itu

142 2335 287 2391 temperatum
300 2343 388 2390 semper
398 2328 477 2385 fuisse,
495 2332 521 2374 ut
531 2342 604 2388 neque
614 2326 708 2373 hiberna
718 2326 813 2390 frigore,

142 2408 185 2440 neo
203 2394 277 2439 aestivi
289 2394 343 2439 solis
354 2395 445 2440 ardores
456 2393 542 2439 incolas
553 2394 601 2455 ejus
612 2400 755 2454 premerent:
775 2411 813 2441 so·

140 2458 189 2504 lum
201 2458 233 2503 itu
243 2456 372 2511 secundum,
381 2464 406 2503 ut
417 2457 575 2504 alimentorum
583 2457 606 2502 in
615 2470 681 2502 usum
693 2456 814 2506 huminum

141 2521 205 2569 nulls
223 2528 283 2568 term
297 2520 393 2568 feracior
410 2521 486 2568 fuerit·
517 2520 574 2569 Jure
585 2521 654 2582 igitur
671 2519 701 2565 ibi
714 2522 814 2583 primum

140 2586 245 2633 homines
263 2593 328 2632 ustos
346 2586 418 2632 videri
435 2586 522 2639 debere,
539 2586 576 2632 ubi
598 2584 688 2631 educari
706 2584 815 2636 facillime

141 2648 257 2713 possent-’⁸
303 2647 397 2704 Contra,
420 2650 515 2710 Scythae
536 2650 589 2696 ooeli
610 2657 814 2710 temperamentum

143 2715 289 2766 nullumesse
298 2715 418 2763 vetustatis
424 2722 583 2782 argumentum
592 2714 715 2777 putubmtr
730 2717 816 2782 “quip-
