1800 2942
144 163 176 211 58
369 159 573 210 JUGURTHA.
702 158 815 210 caea.

142 291 252 355 procedit.
283 289 379 338 Interim
390 293 450 340 baud
460 291 530 355 longe
540 291 627 345 amari,
639 305 711 354 prope
721 288 811 340 Cirtam

143 358 258 420 oppidum,
279 357 395 418 utriusque
405 357 507 404 consedit
517 358 642 404 exercitus:
662 364 692 408 et.
710 357 763 417 quia
773 357 811 404 die

144 430 270 469 extremum
286 429 340 477 erat,
359 423 464 483 proelium
479 436 526 469 non
541 423 662 483 inceptum.
695 420 742 467 Ubi
754 421 810 484 ple·

142 502 239 548 rumque
249 488 322 534 noctis
336 489 451 550 processit,
472 489 567 534 obscuro
578 487 645 533 etiam
656 493 704 532 tum
716 487 809 542 lumine,

141 553 226 599 militer
236 550 376 613 Juguuhini,
394 554 460 615 signo
472 553 530 606 dato,
548 560 622 599 castra
635 551 733 598 hostium
744 552 810 599 inva-

143 617 215 674 dunt;
241 617 389 664 semisomnos
414 618 502 680 partim,
531 617 587 664 alios
608 631 672 663 arma
692 617 809 671 sumentis,

141 680 223 744 sugant
232 680 387 743 funduntque
408 682 522 729 Adherbal
538 698 590 729 oum
606 682 683 744 paucis
699 682 812 743 equitibus

141 744 230 794 Cirtam
241 746 357 809 profugit,
374 753 403 801 et,
416 763 440 793 11
434 747 571 795 'mutitudo
582 755 711 809 togatorum
721 746 811 802 fuisset,

142 827 193 872 quae
210 810 322 858 Numidas
342 812 480 874 insequentis
495 813 607 859 moenibus
622 812 741 874 probibuit.
765 828 813 861 uno

141 877 196 922 die
189 882 248 922 mter
259 870 315 923 duos
332 892 396 939 reges
413 889 513 939 coeptum
523 886 591 938 atque
601 886 713 939 patratum
724 877 812 924 bellum

141 940 208 988 foret.
240 939 315 1003 Igitur
325 940 440 1004 Jugurthn
450 943 555 1019 oppidum
566 943 722 990 circumsedit.
736 943 812 990 vineis

141 1007 284 1066 turribusque
294 1014 318 1054 et
328 1008 438 1075 machinis
449 1009 549 1055 omnium
560 1023 670 1070 generum
678 1022 813 1069 expugnare

141 1071 289 1133 aggreditur,
312 1068 419 1119 maxume
434 1072 549 1120 festinans
571 1081 659 1135 tempus
680 1073 812 1133 legatorum

84 1156 88 1161 ·
141 1144 281 1197 antecapere,
305 1151 369 1213 quos,
391 1145 445 1184 ante
465 1138 570 1199 proelium
591 1136 685 1195 sactum,
708 1137 811 1184 1111111111

140 1201 268 1249 Adherbale
284 1203 365 1250 missos
376 1203 500 1249 audiverat
532 1203 577 1249 Sed
587 1212 705 1264 postquam
716 1209 811 1250 senatus

139 1267 239 1314 debello
250 1282 328 1314 eorum
339 1269 432 1329 accepit,
452 1265 511 1330 [tres
521 1266 685 1331 adolescentes]
708 1268 731 1313 in
743 1267 811 1313 Atri-

141 1346 191 1378 cam
202 1332 312 1395 legantur,
320 1333 358 1394 qui
369 1334 434 1379 ambo
446 1347 513 1394 reges
520 1333 608 1387 adeant,
617 1332 708 1379 senattls
718 1332 811 1393 populi·

140 1410 187 1457 que
203 1397 302 1444 Romani
319 1398 392 1444 verbis
404 1398 516 1451 nuntient,
528 1396 595 1443 Velle
613 1404 637 1444 et
656 1412 754 1452 11111111,
769 1412 812 1445 eos

140 1463 169 1509 ab
180 1464 248 1510 annis
259 1463 388 1520 discedere3
400 1463 428 1508 de
439 1463 599 1509 controversiis
609 1462 657 1508 suis
662 1462 715 1524 jure
724 1462 811 1523 potius,

138 1542 208 1640 qoam
230 1528 288 1575 bello
307 1527 446 1590 disceptare:
464 1529 496 1574 ita
516 1543 585 1588 seque
602 1528 691 1588 illisque
712 1527 811 1589 dignum

164 1608 196 1639 re.

173 1656 260 1704 XXII.
277 1657 378 1718 Legati
371 1673 396 1704 111
407 1656 509 1704 Africam
520 1630 658 1713 maturantes
668 1657 769 1712 veniunt,
781 1673 812 1705 eo

138 1721 678 1849 geadds'elluddpdlgonrdlldnhugidlgfidhllrclelldtrddl
688 1722 811 1835 11111ῃί11111ο

138 1867 190 1898 mor
208 1851 307 1898 clemens
326 1861 381 1898 erat.
414 1851 518 1906 Quorum
529 1851 644 1930 Jugurtha
653 1851 746 1914 accepti
756 1868 809 1900 ora·

138 1918 201 1964 tione
213 1917 340 1993 responditz
377 1917 423 1964 Sibi
434 1933 509 1994 nsque
519 1919 591 1980 majus
601 1918 723 1978 quidquam
734 1933 811 1994 neque

139 1983 213 2029 carius
224 1983 358 2029 auctoritate
369 1984 455 2029 senati:
475 1985 503 2030 ab
510 1934 677 2030 adolescentii
672 1989 703 2029 rta
711 1985 810 2040 enisum,

138 2048 172 2092 uti
183 2048 211 2094 ab
221 2054 314 2110 optumo
325 2063 413 2109 quoque
424 2050 569 2110 probaretur.
588 2050 680 2103 virtute.
696 2063 743 2095 non
758 2063 810 2095 me·

138 2109 233 2165 nnat>
246 2114 352 2176 Scipioni,
365 2114 520 2167 summonte,
531 2113 660 2175 placuisse
678 2112 810 2160 1111111111

137 2177 195 2223 artis
206 2178 233 2223 ab
244 2178 350 2240 Micipsi,
367 2194 413 2226 non
424 2177 519 2241 penuriis
531 2178 681 2233 liberorum,‘
673 2192 699 2223 m
711 2192 810 2239 regnum

137 2242 284 2304 adoptatum:
303 2252 418 2299 caeterum,
435 2260 480 2304 quo
493 2244 559 2322 plura
573 2246 631 2290 bene
640 2250 709 2303 atque
717 2250 811 2291 strenue

136 2305 235 2362 fecisset,
255 2325 282 2356 eo
297 2309 396 2356 animum
410 2323 476 2356 suum
492 2309 596 2372 injuriam
608 2308 682 2355 minus
693 2307 807 2355 tolerares

138 2371 290 2420 Adherbalem
309 2374 367 2419 dolis
385 2375 440 2420 vitoe
459 2389 507 2421 suae
524 2374 667 2431 insidiatum3
689 2372 751 2432 quod
770 2373 809 2419 ubi

136 2439 291 2500 comperisset,
303 2439 382 2485 sceleri
390 2439 478 2485 obviam
487 2439 545 2485 isser
539 2410 667 2501 ·populuul
676 2436 810 2484 Romnum

138 2517 212 2564 neque
223 2511 284 2552 recte
294 2519 367 2566 neque
377 2520 418 2566 pro
426 2505 486 2552 bono
496 2504 615 2559 sucturum,
628 2518 646 2549 sr
639 2503 699 2550 ab
688 2516 742 2566 pure
749 2519 811 2566 gen·

137 2568 195 2615 tium
207 2585 257 2617 sese
265 2570 430 2632 prohibuerint:
449 2578 572 2633 postremo,
584 2570 612 2616 de
620 2570 724 2617 omnibus
734 2569 809 2626 rebus,

136 2635 225 2698 legatos
236 2636 335 2684 Romam
346 2638 408 2684 brevi
423 2638 553 2684 missurum·
585 2635 622 2684 Ita
631 2637 722 2696 utrique
731 2634 810 2698 digre-

136 2700 235 2750 diuntur.
271 2703 406 2755 Adherbalis
417 2703 544 2769 appellandi
553 2703 619 2769 copia
628 2717 676 2751 non
684 2701 735 2752 tuit.
