1800 2942
240 140 378 193 JUSTINI
393 140 447 190 Lu.
458 139 495 189 11.
506 140 567 192 Cur.
577 146 615 190 10.
716 144 763 191 169

91 287 171 336 regem
184 273 294 330 habuisse,
311 288 358 320 non
373 273 493 327 baeredem,
506 273 545 319 sed
556 271 695 319 conditorem
706 270 763 318 tanti

76 338 176 402 ‘regni3
191 345 222 392 et,
237 339 256 385 si
271 339 295 386 in
311 353 377 399 aequo
388 341 441 401 jure
459 346 580 400 utrumque
594 335 686 383 fratrem
700 342 764 398 pater

92 404 228 464 reliquisset,
245 410 348 450 materno
359 412 435 451 umen
444 405 529 466 sejure
540 410 563 449 et
573 403 635 449 avito
647 398 761 448 vincere.”

93 467 150 515 Hoc
169 475 284 516 certamen
294 469 407 522 ,concordi
426 470 502 515 eninm
524 468 552 514 ad
572 473 677 528 patruum
696 478 763 512 suurn

93 533 260 594 Artaphernen,
275 533 345 580 veluti
364 534 393 581 ad
411 533 558 581 domesticum
573 533 681 595 judicem,
702 528 764 577 dets-

93 605 163 655 runt3
182 599 227 660 qui,
244 598 305 645 domi
320 598 412 660 cogniti
422 597 496 653 causi,
515 597 609 645 Xerxen
622 596 761 659 praeposuitr

93 663 196 723 adeoque
206 661 304 710 fraterna
312 665 428 710 contentio
437 662 488 716 luit,
499 670 524 710 ut
534 678 577 709 nec
588 663 662 709 vietor
669 661 764 708 insulta·

92 728 159 783 verit,
171 743 214 775 nec
224 728 298 774 victus
306 728 401 775 doluerit
407 744 415 785 ς
428 729 521 790 ipsoque
528 727 574 774 litis
585 735 686 789 tempore
697 727 720 772 in
729 726 783 772 ri-.

92 808 144 840 cem
161 807 257 840 munera
266 792 383 850 miserint3
401 800 424 841 et
436 793 539 856 jucunda
554 808 644 853 quoque
658 793 718 839 inter
730 805 763 845 se

91 872 140 904 non
153 857 330 913 solumcredula,
341 858 445 905 convivia
453 858 581 905 habuerint:
590 857 701 920 judicium
706 871 765 917 quo-

94 937 138 983 que
148 924 224 985 ipsum
239 922 288 969 sine
295 924 389 980 arbitris,
402 924 451 970 sine
466 923 570 970 convicio
579 922 655 969 luerit.
687 921 764 969 Tanto

94 988 233 1035 moderatius
243 994 291 1034 turn
298 987 379 1036 fratrer
386 989 446 1036 inter
455 1004 481 1035 se
491 1003 562 1050 regna
573 988 670 1035 maxima
678 986 765 1034 diride-

93 1052 155 1106 bnnt,
168 1066 235 1113 quam
247 1067 307 1099 nuuc
317 1054 400 1115 exigua
411 1054 544 1116 patrimonia
553 1054 686 1116 partiuntur.
714 1049 765 1114 Igi-

95 1125 132 1164 tur
142 1116 236 1163 Xerxes
245 1117 328 1164 bellum
337 1127 419 1179 epatre
425 1126 526 1180 coeptum
534 1118 641 1164 adversm
650 1117 764 1165 Graeclam

94 1183 323 1302 tertul?
337 1179 766 1308 lllbm‘ltllblfitllpb

623 1277 631 1299 9

95 1310 193 1358 Xerxen
203 1311 325 1366 exsulabat,
344 1313 437 1359 amicior
447 1313 526 1375 patrie
533 1320 585 1373 post
594 1310 680 1372 surgam,
696 1325 765 1371 quern

49 1369 60 1380 ⁶
95 1379 144 1439 regi
156 1383 208 1438 post
218 1376 332 1432 beneficia,
343 1393 373 1424 ne
384 1378 500 1439 inopinato
509 1376 569 1423 bello
580 1377 766 1438 opprimerentur,

94 1442 173 1489 omnia
195 1441 220 1487 in
242 1441 328 1489 tabellis
352 1442 435 1504 ligneis
456 1442 624 1505 magistratibus
642 1441 765 1503 perscribit,

93 1507 220 1567 eademque
235 1504 287 1554 ceni
301 1505 460 1570 superinducti
475 1507 550 1565 delet;
568 1521 597 1553 ne
607 1513 646 1552 aut
656 1507 767 1567 scriptura

94 1573 145 1620 sine
162 1572 264 1633 tegmine
280 1572 387 1620 indicium
399 1573 469 1626 daret,
486 1582 525 1619 aut
536 1586 615 1618 recens
626 1585 677 1617 cera
687 1571 766 1618 dolum

94 1636 215 1699 proderet:
234 1635 280 1683 fido
290 1638 370 1684 deinde
381 1653 447 1685 servo
461 1636 604 1699 perferendas
614 1636 688 1689 tradit,
699 1637 767 1699 jusso

95 1701 266 1763 magistratibus
277 1701 438 1763 Spartanorum
449 1703 544 1749 tradere.
572 1700 660 1755 Quibus
667 1701 767 1764 perlatis,
819 1740 821 1746 ,

95 1764 264 1814 Iacedaemone
270 1767 390 1828 quaestionl
399 1782 435 1814 res
442 1768 482 1814 diu
490 1766 539 1822 fuit,
548 1768 608 1828 quod
615 1782 689 1827 neque
695 1768 766 1830 scrip-

94 1837 145 1878 tum
154 1830 239 1891 aliquid
246 1832 355 1888 viderent,
364 1847 407 1879 uec
414 1830 498 1879 frustra
505 1833 585 1879 missas
593 1833 765 1894 suspicerentur,

93 1902 204 1956 tantoque
221 1911 268 1942 rem
287 1898 402 1961 majorem,
418 1905 505 1958 quanto
522 1898 552 1945 sit
567 1898 682 1953 occultior,
701 1906 767 1958 puta-

93 1960 157 2008 bant.
191 1959 339 2009 Haerentibus
354 1962 379 2009 in
397 1962 527 2025 conjecturd
544 1963 606 2017 viris,
625 1978 690 2009 soror
706 1961 767 2022 regis

95 2023 209 2073 Leonidae
224 2026 342 2073 consilium
357 2028 475 2075 scribentis
488 2028 581 2074 invenit.
614 2024 688 2074 Erssd
697 2027 767 2087 igitur

94 2087 155 2144 cerd,
166 2089 219 2136 belli
230 2090 324 2138 consilia
337 2091 482 2154 deteguntur.
513 2090 566 2141 Janr
579 2092 670 2138 Xerxes
681 2091 767 2153 septin-

94 2161 168 2217 genta
183 2155 256 2209 millia
269 2156 298 2202 de
312 2171 384 2218 regno
401 2164 535 2215 armarent,
547 2164 570 2203 et
580 2163 681 2203 trecenta
696 2155 766 2204 millia

92 2220 124 2268 de
141 2219 246 2277 rtuiliis3
264 2226 289 2266 ut
300 2235 346 2268 non
357 2223 470 2269 immerito
485 2222 598 2284 proditum
617 2222 653 2276 sit,
672 2219 768 2268 flumina

91 2286 124 2335 eb
141 2285 244 2332 exercitu
263 2286 311 2347 eJus
329 2287 417 2342 siccata,
439 2287 598 2347 Graeciamque
617 2301 707 2333 omnem
726 2287 767 2333 rix

94 2364 178 2411 capere
188 2350 312 2396 exercitum
321 2352 369 2413 ejus
379 2353 487 2413 potuisse.
521 2350 601 2397 Nares
608 2366 697 2412 quoque
705 2350 767 2397 mille

94 2414 514 2463 ducentasnumerohubuissedicitur.
539 2414 672 2464 Huictanto
680 2414 767 2477 agmini

55 2498 58 2504 ·
94 2478 143 2526 dux
154 2477 233 2526 defuit.
259 2476 382 2534 Caeterum,
395 2481 414 2527 si
425 2490 604 2543 regernspectes,
612 2481 708 2536 diritius,
718 2491 766 2526 nou

95 2544 185 2598 ducem,
202 2544 296 2603 laudes;
313 2560 408 2608 quarum
427 2553 490 2592 taum
508 2547 572 2607 copis
587 2546 611 2591 in
628 2559 700 2606 regno
717 2544 767 2603 ςίιιι

94 2607 145 2663 fuit,
168 2614 203 2665 ut,
222 2624 275 2657 cum
297 2608 390 2656 flumine
409 2611 554 2657 multitudine
574 2613 767 2659 consumerentur,
817 2639 821 2646 ,

94 2687 151 2736 opes
161 2682 239 2722 tamen
252 2675 324 2740 regixe
340 2682 491 2738 superessent,
521 2672 575 2737 Ipse
593 2680 668 2720 autem
681 2668 766 2732 primur

558 2750 577 2788 α
