1800 2942
122 144 172 198 312
242 132 385 191 Jusnmt
401 132 549 186 mxxu.
565 132 662 190 cunfl-

124 278 176 328 tur;
192 268 306 332 objectans
320 267 371 323 iilis,
388 280 450 315 nunc
468 263 607 314 Hannonem
623 263 680 315 falsi
695 265 801 318 affectati

126 335 192 398 regni
208 331 293 381 insidii
306 333 499 387 circumventum
516 346 577 379 nuuc
599 330 707 379 Giscouis
724 334 799 381 inno-

127 400 199 448 centis
209 398 327 446 exsilium:
346 411 407 444 nunc
417 394 603 445 inHamiicarem
612 404 717 459 patruum
728 413 801 447 suum

125 465 195 514 tscita
208 461 321 524 suffragiu,
337 461 397 523 quod
408 460 552 522 Agathoclem
563 461 649 508 socium
660 461 706 507 illis
713 460 800 518 iacere,

127 543 195 591 quum
205 529 300 581 hostem,
312 526 423 572 maluerit.
448 523 509 571 Haec
517 539 569 571 cum
579 526 603 572 in
611 524 710 572 maximis
719 527 803 589 populi

129 594 239 641 concione
247 590 383 639 vociferatus
394 597 461 642 meet.
472 591 600 652 exspiravit.

130 702 132 706 .
161 654 236 704 v111.
251 654 342 703 Interea
359 654 505 717 Agathocles,
524 653 650 716 profligatis
671 655 695 701 iu
720 653 803 703 Africa

130 723 204 777 rebus,
214 720 296 767 tradito
315 719 462 782 Archagatho
481 717 527 764 tilio
543 721 650 774 exercitu,
662 719 686 766 iu
698 719 802 768 siciliam
826 736 831 743 ’

129 785 240 842 recurrit3
256 785 313 832 nihii
327 792 402 831 sctum
422 784 446 830 in
461 781 539 830 Africi
554 784 691 839 existimaus,
710 786 730 832 si
749 800 800 831 am-

146 851 190 898 lius
214 849 334 909 Syracusae
353 847 518 897 obsiderentur:
546 863 607 906 nom,
626 843 678 911 phut
699 850 803 896 oecisnm

198 914 295 967 'curem
318 912 426 961 Gisoouis
444 911 523 968 fllium,
546 928 620 961 novus
637 929 665 960 eo
687 928 702 960 a
720 913 802 962 Poenis
863 926 868 932 ·

131 980 216 1031 missus
226 978 338 1024 exercitus
347 975 427 1023 fuerat
449 976 530 1025 Statim
542 978 612 1040 igitur
618 979 691 1040 primo
701 980 804 1026 adventu

131 1046 181 1108 ejus
192 1057 271 1089 omues
282 1041 364 1089 Siciliae
374 1043 447 1096 urbes,
458 1041 539 1089 auditis
549 1043 615 1089 rebus
625 1045 711 1104 quasin
726 1042 805 1091 Africi

133 1114 242 1173 gesserat,
263 1107 365 1154 certatim
376 1121 401 1152 se
411 1106 432 1152 ei
442 1106 547 1156 tradunt:
567 1114 635 1167 utque
653 1109 692 1162 its,
708 1109 780 1170 pulsis
789 1123 805 1155 e

134 1171 212 1223 stetit
222 1172 309 1228 Poeuis,
320 1172 391 1218 totius
400 1170 482 1216 insulae
491 1171 609 1232 imperium
619 1175 748 1235 occupavit.
773 1171 805 1220 In

136 1236 239 1288 Africum
250 1237 330 1284 deinde
341 1249 450 1290 novemus,
459 1235 569 1282 seditione
576 1236 672 1284 militum
679 1239 803 1301 excipiturr

136 1318 190 1351 num
201 1302 361 1364 stipendiorum
372 1300 455 1347 solutio
466 1301 489 1347 iu
500 1300 621 1349 adveutum
631 1302 701 1363 patris
712 1303 807 1352 dilutae

136 1367 184 1414 filio
202 1366 282 1414 iuerat.
313 1364 388 1427 Igitur
408 1364 437 1411 od
456 1365 588 1413 concionem
609 1373 703 1413 vocatos
719 1367 807 1415 blandis

138 1431 212 1480 verbis
227 1431 359 1493 permulsit:
379 1430 491 1491 stipendia
505 1429 551 1477 illis
566 1445 613 1478 nou
623 1446 638 1477 u
648 1446 673 1477 se
683 1431 807 1493 flagitantis

137 1512 197 1553 esse,
208 1497 249 1543 sed
258 1497 286 1544 nb
296 1496 361 1541 hoste
371 1495 507 1554 quaerenda:
526 1509 670 1543 communem
681 1498 810 1552 mctnffim.

138 1575 282 1609 communem
289 1560 388 1622 praedam
396 1557 503 1606 futurum.
535 1558 633 1609 Paulum
642 1561 711 1608 modo
720 1562 811 1608 aduite-

139 1633 231 1682 reutur„
241 1624 295 1671 dum
311 1624 364 1671 beili
379 1623 479 1683 reliquiae
494 1631 645 1686 perangustum
663 1640 715 1671 cnm
727 1626 807 1678 sciunt,

140 1687 302 1750 Carthaginem
313 1695 400 1750 captam
411 1702 463 1750 spes
473 1689 574 1735 omnium
585 1690 734 1751 expleturum.
763 1689 811 1737 Seri

139 1754 194 1802 dato
209 1752 300 1798 militari
321 1752 426 1807 tumultu,
445 1753 568 1816 interjectis
589 1754 673 1809 diebus,
689 1755 719 1802 sd
736 1762 810 1802 castra

140 1818 240 1869 hostium
258 1817 382 1864 exercitum
399 1817 476 1865 ducito
494 1818 525 1864 ibi
540 1818 689 1865 inconsultius
703 1819 809 1882 proelium

141 1881 309 1936 committendo,
331 1881 440 1943 majorem
466 1889 552 1945 purtem
576 1883 688 1930 exercitiis
706 1884 811 1946 perdidit.

145 1947 206 1999 cum
216 1948 292 2008 itaque
301 1946 325 1993 iu
336 1952 410 1993 casos
419 1944 523 2008 fugisset,
535 1961 668 2009 versumque
677 1949 702 1995 in
713 1964 739 1996 se
752 1949 811 1997 iuvi·

142 2014 203 2063 diam
221 2020 307 2061 temere
325 2011 442 2059 commissi
463 2011 515 2060 belli
533 2012 625 2069 videret,
647 2014 712 2075 prieti
729 2029 810 2075 amque

144 2077 253 2128 offensum
270 2092 316 2129 nou
330 2076 421 2139 depeusi
438 2077 543 2140 stipendii
556 2083 682 2136 metueret3
700 2094 731 2126 co
748 2076 812 2127 rubii

144 2148 213 2190 u'oots
222 2142 308 2190 soluea
321 2142 400 2205 sustris
414 2157 468 2189 oum
487 2142 633 2206 Archagatho
646 2142 693 2189 tilio
703 2143 812 2206 profugit.

147 2205 217 2263 osea
224 2260 225 2263 Ἴ
232 2207 269 2253 ubi
279 2207 362 2254 milites
377 2204 514 2270 cognovire,
531 2207 590 2254 haud
601 2222 665 2254 secus
675 2222 743 2269 quam
754 2209 774 2255 si
784 2208 811 2254 rb

145 2271 212 2327 hoste
227 2271 286 2333 ospti
303 2279 384 2326 essent.
401 2269 548 2334 trepidavere,
565 2271 599 2319 bis
610 2287 635 2321 se
645 2286 660 2318 a
670 2287 726 2335 rege
736 2272 812 2320 suoin

145 2334 226 2382 mediis
235 2336 336 2383 hostibru
346 2335 435 2382 relictos
449 2351 500 2386 esse
509 2337 687 2399 proclamantem
705 2336 814 2387 salutem·

146 2410 267 2461 quesusm
282 2400 537 2458 desertsmsbeoesse,
551 2416 648 2462 qnorum
659 2415 689 2449 ne
699 2401 813 2464 sepultum

147 2462 239 2525 quidem
259 2463 404 2524 relinquendo
422 2463 498 2513 fuerit
530 2463 591 2515 Cum
612 2467 716 2528 persequi
735 2479 812 2528 rqem

147 2525 239 2582 vellent,
258 2540 273 2574 s
287 2526 394 2576 Numidis
410 2529 505 2591 excepti,
524 2530 549 2578 in
565 2536 638 2581 costra
653 2537 812 2585 revertuntum

148 2590 310 2653 comprehenso
327 2598 403 2651 tamen
421 2593 730 2655 reductoqueuArchegrtho,
746 2595 815 2655 quir

146 2662 210 2716 putre
225 2656 298 2717 noctis
307 2669 390 2715 ,errore
402 2655 559 2713 ·disoesserat.·1
580 2657 721 2721 Agathocles
739 2665 813 2707 auteur
