1800 2942
2 613 15 648 ὗ

252 579 255 589 s
353 502 539 571 susurru

133 689 417 752 HISTORIARUM
436 690 757 754 PHILIPPICARUM

142 867 249 918 LIBER
266 867 570 925 QUADRAGESIMUS
586 870 745 924 TERTIUS.

2 1143 3 1168 ³
95 1121 100 1130 Ι
142 1148 321 1204 LPanrrrrcrs,
338 1148 540 1210 Orientalibuoque,
562 1164 588 1196 ae
607 1150 677 1196 totius
693 1166 776 1213 prope-

106 1215 201 1266 modum
212 1215 271 1261 orbis
282 1215 347 1260 rebus
357 1214 474 1275 expeditio,
490 1215 519 1261 ad
529 1215 592 1261 initia
606 1213 718 1261 Romanae
736 1232 775 1262 ur·

106 1281 144 1328 bio
153 1278 253 1341 Trogus,
269 1280 332 1326 velut
342 1286 394 1340 post
403 1278 496 1341 longam
506 1279 716 1341 peregrinationem,
733 1280 774 1327 do·

107 1358 173 1394 mum
184 1345 318 1400 revertitur;
334 1344 418 1405 ingrati
426 1345 483 1390 civis
489 1344 586 1390 officium
598 1344 774 1399 existimamini,

108 1424 162 1462 oum
171 1410 270 1455 omnium
278 1410 381 1471 gentium
392 1424 429 1455 res
439 1415 517 1469 gestae
526 1408 677 1462 illustraverit,
688 1408 717 1455 de
726 1408 776 1456 aold

2 1461 3 1468 ἵ
105 1482 195 1523 tantum
206 1472 277 1537 patrii
287 1480 368 1520 taceat.
399 1471 505 1519 Breviter
515 1474 585 1533 igitur
599 1473 663 1520 initia
673 1472 774 1520 Romani

106 1539 197 1601 imperii
212 1538 359 1601 perstringit3
376 1544 402 1583 ut
416 1552 458 1583 nec
474 1537 566 1583 modum
576 1539 684 1600 propositi
700 1538 775 1599 operio

107 1604 210 1657 excedat,
227 1617 270 1649 nec
285 1604 363 1662 utique
378 1602 489 1663 originem
503 1602 569 1656 urbis,
586 1617 637 1663 quoe
652 1609 688 1650 eat
707 1610 776 1665 eaput

103 1668 177 1722 totius
193 1667 259 1724 orbis,
276 1667 365 1713 silentio
380 1667 544 1728 praetermittat,
585 1664 658 1714 Italiae
674 1668 774 1717 cultores

103 1732 173 1797 primi
189 1732 328 1793 Aborigines
338 1729 409 1788 fudre,
426 1745 521 1791 quornm
538 1746 578 1778 rex
594 1732 711 1781 Saturnus,
721 1740 773 1781 un·

103 1806 139 1852 tna
144 1797 241 1858 Juntitiae
251 1796 321 1843 fuisse
331 1797 431 1850 traditur,
449 1802 475 1843 ut
485 1812 558 1857 neque
568 1798 671 1844 servierit
681 1799 722 1846 nub
732 1799 774 1846 illo

104 1862 232 1925 quiequam,
256 1876 330 1921 neque
348 1860 468 1921 quidquam
488 1862 583 1923 privntae
600 1863 635 1908 rei
653 1863 770 1919 babuerit;

104 1927 148 1976 sed
164 1927 240 1973 omnia
258 1926 386 1987 eommunia
404 1933 427 1972 et
445 1926 540 1973 indivisa
555 1927 661 1973 omnibus
679 1926 772 1982 suerint,

102 1991 177 2042 veluti
193 2005 263 2038 unum
279 1991 367 2038 cunctis
382 1991 542 2053 patrimonium
558 1999 625 2037 esset.
658 1990 694 2039 Ob
705 1992 770 2053 cujus
838 2029 842 2033 Α

102 2056 203 2118 exempli
214 2056 345 2104 memoriam
355 2063 445 2104 cautum
457 2064 498 2110 est,
516 2062 541 2102 ut
553 2055 713 2111 Satnmalibur,
727 2070 773 2103 exv

102 2129 199 2183 aequato,
209 2120 310 2167 omnium
319 2121 378 2184 jure,
396 2120 478 2181 passim
489 2121 513 2166 in
525 2120 635 2166 conviviis
646 2120 706 2166 nervi
715 2135 769 2167 curu

102 2186 202 2238 dominia
213 2186 350 2234 recumbant.
382 2183 464 2245 ltaque
474 2182 542 2248 Italia
550 2185 610 2246 regia
622 2185 714 2232 nomine
725 2184 769 2233 Sa·
842 2225 845 2228 ,

100 2250 180 2299 tumia
189 2251 299 2313 appellata
308 2258 359 2307 eat;
376 2258 399 2296 et
409 2265 482 2305 monn,
498 2250 522 2295 in
534 2265 579 2309 quo
590 2250 706 2305 habitabat,
725 2249 769 2297 Su-

100 2316 205 2364 turnino:
224 2317 305 2377 inquo
320 2329 388 2369 nune,
406 2315 478 2362 veluti
492 2330 505 2362 a
522 2313 582 2364 Jove
598 2316 663 2376 pulso
679 2315 769 2362 oedibua

99 2381 150 2431 auis
161 2380 265 2435 Saturno,
278 2377 415 2442 Capitolium
426 2387 469 2427 est.
502 2378 559 2427 Post
567 2381 627 2426 buno
638 2381 705 2428 tertio
715 2381 768 2426 loco

99 2443 210 2508 rogatione
220 2443 324 2492 Faunum
334 2444 417 2499 lerunt,
435 2446 476 2491 sub
489 2460 535 2505 quo
545 2444 659 2499 Euander,
676 2445 704 2490 ab
719 2444 767 2490 Ar·

99 2511 173 2568 eadiae
183 2510 238 2557 urbe
248 2507 373 2565 Pallanteo,
385 2510 408 2555 in
421 2507 510 2556 Italiam
521 2525 573 2555 cum
584 2509 691 2556 mediocri
702 2506 767 2555 turbi

101 2575 244 2640 popularium
255 2575 331 2621 venit:
350 2574 387 2621 oui
398 2573 492 2621 Faunus
502 2582 526 2620 et
536 2589 610 2636 agroo,
623 2580 646 2619 et
656 2580 766 2628 montem,

99 2654 173 2701 quem,
186 2638 230 2693 ille,
238 2646 319 2749 postea
336 2637 449 2688 Palatium
468 2638 595 2701 appellavit,
613 2638 711 2699 benigne
728 2652 766 2684 aa·

96 2704 205 2768 signavit
252 2717 267 2751 u
278 2705 345 2767 bujuv
355 2704 466 2752 radicibus
476 2702 584 2764 templum
593 2701 686 2764 Lyeaeo,
695 2717 764 2764 quem

482 2770 497 2813 2
509 2781 526 2813 rr
