1800 2942
167 159 214 206 leo
308 153 446 206 JUSTINI
464 154 517 204 Lis
526 154 575 204 ΠΙ.
592 155 652 207 Car.
662 161 686 205 4.

161 286 293 334 bellicatus
311 292 334 333 et
351 285 416 348 origo
426 284 477 334 fuit.
510 284 597 347 Itaque.
610 300 671 340 cunr,
682 292 838 350 contraprae·

162 352 298 399 sumtionem
318 365 389 406 suam,
406 352 471 398 annis
489 350 567 398 decem
588 351 612 397 in
633 352 751 399 obsidione
772 355 839 400 urbis

161 422 299 471 tenerentur,
316 422 340 463 et
356 417 454 476 querelis
465 430 560 462 uxorum
571 425 624 477 post
634 424 680 464 tem
691 417 786 479 longam
798 420 837 465 vi·

160 481 269 527 duitstem
280 488 453 539 reuocarentur5
469 481 542 535 veriti,
560 496 590 528 ne
608 482 649 528 hac
665 482 839 544 perseverantid
868 527 871 532 .

160 546 212 593 belli
223 545 316 608 grauius
326 546 367 592 sibl
378 559 446 607 quarn
458 544 581 594 Messeniis
595 545 719 604 nocerent}
737 548 847 609 (quippe-

159 610 204 657 illis
219 618 328 671 quantum
346 612 474 674 juventutis
489 610 549 658 bello
568 610 694 664 intercidat,
711 611 836 659 mulierum

160 674 298 723 fecunditate
316 676 429 738 suppleri;
447 676 489 724 sibi
506 685 529 723 et
544 675 595 723 belli
606 676 690 722 damna
699 669 798 731 assidua,
809 685 836 723 et

158 738 319 788 fecunditatem
330 755 434 796 uxorum,
447 741 574 789 absentibus
590 740 662 793 viris·
671 740 756 787 nullam
768 740 834 802 esse)

159 805 234 866 itaque
244 805 324 868 legum
334 806 433 867 juvenes
443 820 473 853 ex
483 820 511 851 eo
520 819 605 866 genere
612 804 719 858 militum,
730 805 769 866 qui
781 815 837 868 post
862 861 865 868 ‚

155 870 312 933 jusJurandum
342 871 367 916 in
394 870 573 932 supplementum
599 878 717 924 venerant,
749 871 835 930 quibus

161 935 265 996 Spartam
283 934 383 982 remissis
404 935 543 997 promiscuos
570 933 673 980 omnium
693 933 833 983 seminarum

159 999 292 1046 concubitus
308 996 443 1061 permistim
460 998 604 1045 maturiorem
619 998 720 1045 futuram
730 1014 833 1062 concep-

158 1063 244 1109 tionsn
252 1062 832 1125 relisieamsingulaeperpluresvirosexperiren·

158 1134 204 1175 tur.
237 1126 277 1175 Ex
291 1128 327 1175 his
343 1129 397 1184 nati,
414 1128 443 1174 ob
460 1136 536 1175 notam
547 1128 643 1174 mummi
654 1127 752 1189 pudoris,
765 1131 832 1177 Porb

158 1193 245 1241 tironia
256 1192 345 1240 vocati:
363 1192 402 1253 qui
413 1207 465 1240 cum
475 1191 504 1238 ad
513 1207 586 1239 annos
602 1192 696 1255 triginta
710 1196 831 1255 pervenis·

159 1249 217 1313 seni,
229 1266 291 1305 metu
302 1258 390 1320 inopiae.
400 1256 468 1319 (nulli
478 1257 539 1303 enim
549 1265 612 1320 pater
622 1259 753 1316 exsistebat,
764 1262 835 1322 cujus
863 1301 865 1305 .

159 1324 185 1371 in
194 1322 352 1385 patrimonium
363 1322 476 1369 mccessio
487 1320 624 1384 speraretur)
635 1322 715 1369 ducem
728 1322 830 1372 Phalan-
871 1324 875 1329 ’

158 1394 208 1436 tuan
227 1394 350 1441 assumunt,
368 1384 438 1432 filium
461 1386 534 1441 Arati,
557 1389 595 1448 qui
617 1396 696 1435 auctor
710 1388 830 1451 Spartanis

157 1453 232 1501 fuerat
238 1452 364 1515 juventutis
374 1451 402 1497 ad
412 1451 565 1513 generandam
576 1453 675 1501 sobolem
688 1453 784 1516 domum
793 1467 829 1503 re·
846 1511 849 1516 p

157 1517 287 1574 mittendae3
298 1523 330 1571 ut,
342 1517 408 1563 sicuti
418 1516 502 1563 dudum
513 1529 600 1579 patrem
610 1519 659 1580 ejus
667 1520 777 1566 nascendi
788 1517 829 1568 au4

157 1591 243 1630 ctorem
259 1582 395 1635 habuissent,
416 1582 448 1628 sic
465 1582 539 1643 ipsum
556 1584 604 1644 spei
614 1597 641 1629 ac
651 1582 770 1644 dignitatis
780 1601 829 1635 suae

148 1647 271 1694 baberent.
304 1643 383 1707 ltaque
400 1661 442 1694 uec
461 1646 563 1695 salutatis
581 1647 696 1703 matribus,
707 1664 829 1710 equarum

157 1711 267 1758 adulterio
284 1709 399 1758 infamiam
413 1710 533 1773 collegisse
553 1712 695 1770 videbantur,
714 1713 743 1760 ad
762 1716 829 1764 sedes

155 1774 491 1836 inquirendaaproiiciscuutu13
507 1777 590 1837 diuque
597 1779 830 1838 etpesvnrioaessus

151 1840 239 1904 petati,
259 1840 349 1885 tandem
366 1839 390 1887 in
406 1839 496 1889 Italiam
518 1841 655 1897 deferuntur,
675 1851 699 1889 et
717 1842 829 1905 occupati

155 1920 209 1952 arce
230 1902 412 1960 Tarentinorum,
440 1907 575 1968 expugnatis
597 1908 711 1954 veteribus
738 1908 828 1963 incolis,

156 1971 221 2017 sedes
232 1969 261 2015 ibi
272 1969 419 2017 constituunt.
453 1972 499 2018 Sed
509 1980 561 2032 post
576 1987 648 2019 annos
658 1972 768 2032 plurimos
780 1975 827 2020 dux

155 2050 235 2083 eorum
247 2033 377 2090 Phalantus,
389 2050 429 2097 per
440 2037 572 2083 seditionem
584 2038 607 2083 in
618 2037 722 2083 exsilium
734 2046 825 2100 protur-

92 2114 94 2117 ’
153 2101 227 2156 batus,
242 2098 391 2158 ¹Brundisium
409 2115 433 2147 se
450 2102 552 2155 contulit,
569 2117 614 2163 quo
674 2101 718 2148 ulsi
736 2103 826 2161 sedibus

153 2167 201 2213 suis
222 2173 312 2213 veteres
329 2164 448 2212 Tarentini
464 2173 628 2213 concesserant.
687 2166 707 2212 is
726 2168 827 2215 moriens

153 2232 281 2293 persuadet,
299 2239 325 2278 ut
335 2246 387 2277 ossa
398 2245 438 2277 sua
448 2223 618 2291 postremusque
627 2230 734 2290 reliquias
745 2239 824 2294 conte·

153 2303 212 2353 rant
223 2306 247 2343 et
257 2296 324 2343 tacite
338 2296 414 2357 spargi
428 2295 454 2340 in
465 2293 514 2341 foro
530 2293 705 2340 Tarentinorum
725 2305 822 2345 curent:

152 2362 197 2410 lroc
208 2362 268 2408 enim
285 2361 353 2407 modo
364 2373 496 2422 recuperare
506 2357 557 2404 illos
567 2359 660 2418 patriam
672 2374 738 2407 suam
749 2376 823 2422 posse,

128 2418 132 2426 ’
154 2426 284 2488 Apollinem
303 2423 401 2485 Delphis
417 2424 532 2470 cecinisse.
564 2421 602 2469 Illi
619 2425 754 2472 arbitrantes
770 2440 823 2472 eum

152 2492 177 2538 in
199 2490 306 2536 ultionem
329 2490 363 2535 sui
385 2489 469 2535 civium
487 2488 535 2535 sata
555 2488 689 2551 prodidisse,
704 2491 824 2552 praeceptis

151 2552 253 2618 paruere.
285 2552 331 2599 Sed
341 2554 425 2600 oraculi
436 2554 525 2605 diuersa
536 2554 648 2601 sententia
656 2552 737 2606 fuerat
763 2553 822 2608 Pera

151 2620 283 2683 petuitatem
301 2618 361 2665 enim
380 2619 446 2672 urbis,
466 2633 512 2665 non
528 2619 679 2673 amissionem,
699 2619 744 2665 hoc
759 2617 822 2666 iacto

146 2685 290 2750 promberat.
321 2680 359 2732 Ita
375 2682 439 2732 ducis
459 2682 544 2731 exsulis
559 2683 661 2739 consilio.
678 2689 707 2731 et
721 2683 822 2734 bostium
