<?xml version="1.0" encoding="UTF-8"?>
<!DOCTYPE html PUBLIC "-//W3C//DTD XHTML 1.0 Transitional//EN"
    "http://www.w3.org/TR/xhtml1/DTD/xhtml1-transitional.dtd">
<html xmlns="http://www.w3.org/1999/xhtml" xml:lang="en" lang="en">
 <head>
  <title>
</title>
<meta http-equiv="Content-Type" content="text/html;charset=utf-8" />
  <meta name='ocr-system' content='tesseract 3.04.00' />
  <meta name='ocr-capabilities' content='ocr_page ocr_carea ocr_par ocr_line ocrx_word'/>
</head>
<body>
  <div class='ocr_page' id='page_1' title='image "./quaeintegrasupe00grongoog_0224.png"; bbox 0 0 1800 2942; ppageno 0'>
   <div class='ocr_carea' id='block_1_1' title="bbox 134 184 667 236">
    <p class='ocr_par' dir='ltr' id='par_1_1' title="bbox 134 184 667 236">
     <span class='ocr_line' id='line_1_1' title="bbox 134 184 667 236; baseline 0.004 -3"><span class='ocrx_word' id='word_1_1' title='bbox 134 187 182 234; x_wconf 76' lang='lat'><strong>174</strong></span> <span class='ocrx_word' id='word_1_2' title='bbox 277 184 415 236; x_wconf 77' lang='lat' dir='ltr'>JUSTINI</span> <span class='ocrx_word' id='word_1_3' title='bbox 430 184 485 234; x_wconf 82' lang='lat' dir='ltr'><strong>Lu.</strong></span> <span class='ocrx_word' id='word_1_4' title='bbox 496 184 530 232; x_wconf 90' lang='lat' dir='ltr'><strong>ll.</strong></span> <span class='ocrx_word' id='word_1_5' title='bbox 548 184 607 236; x_wconf 72' lang='lat' dir='ltr'><strong>cn.</strong></span> <span class='ocrx_word' id='word_1_6' title='bbox 618 185 667 235; x_wconf 73' lang='lat' dir='ltr'><strong>15.v</strong></span> 
     </span>
    </p>
   </div>
   <div class='ocr_carea' id='block_1_2' title="bbox 131 314 848 379">
    <p class='ocr_par' dir='ltr' id='par_1_2' title="bbox 131 314 848 379">
     <span class='ocr_line' id='line_1_2' title="bbox 131 314 848 379; baseline 0.001 -16"><span class='ocrx_word' id='word_1_7' title='bbox 131 322 167 363; x_wconf 84' lang='lat' dir='ltr'><strong>tas</strong></span> <span class='ocrx_word' id='word_1_8' title='bbox 177 314 322 365; x_wconf 85' lang='lat' dir='ltr'><strong>morientium</strong></span> <span class='ocrx_word' id='word_1_9' title='bbox 336 316 387 371; x_wconf 80' lang='lat' dir='ltr'><strong>luit,</strong></span> <span class='ocrx_word' id='word_1_10' title='bbox 398 324 424 364; x_wconf 94' lang='lat' dir='ltr'><strong>ut</strong></span> <span class='ocrx_word' id='word_1_11' title='bbox 433 317 478 364; x_wconf 80' lang='lat' dir='ltr'><strong>vire</strong></span> <span class='ocrx_word' id='word_1_12' title='bbox 494 316 638 364; x_wconf 84' lang='lat' dir='ltr'><strong>cadaveribus</strong></span> <span class='ocrx_word' id='word_1_13' title='bbox 647 316 802 379; x_wconf 82' lang='lat' dir='ltr'><strong>implerentur,</strong></span> <span class='ocrx_word' id='word_1_14' title='bbox 846 347 848 352; x_wconf 70' lang='lat'><strong>,</strong></span> 
     </span>
    </p>
   </div>
   <div class='ocr_carea' id='block_1_3' title="bbox 132 381 899 443">
    <p class='ocr_par' dir='ltr' id='par_1_3' title="bbox 132 381 899 443">
     <span class='ocr_line' id='line_1_3' title="bbox 132 381 899 443; baseline 0.001 -14"><span class='ocrx_word' id='word_1_15' title='bbox 132 381 240 443; x_wconf 86' lang='lat' dir='ltr'><strong>alitesque</strong></span> <span class='ocrx_word' id='word_1_16' title='bbox 256 390 280 429; x_wconf 87' lang='lat' dir='ltr'><strong>et</strong></span> <span class='ocrx_word' id='word_1_17' title='bbox 293 382 378 438; x_wconf 81' lang='lat' dir='ltr'><strong>bestiae,</strong></span> <span class='ocrx_word' id='word_1_18' title='bbox 394 396 455 429; x_wconf 76' lang='lat' dir='ltr'><strong>escae</strong></span> <span class='ocrx_word' id='word_1_19' title='bbox 470 381 580 429; x_wconf 77' lang='lat' dir='ltr'>illecebris</span> <span class='ocrx_word' id='word_1_20' title='bbox 590 381 725 438; x_wconf 68' lang='lat' dir='ltr'><strong>sollicitata,</strong></span> <span class='ocrx_word' id='word_1_21' title='bbox 736 397 802 430; x_wconf 73' lang='lat' dir='ltr'><strong>exer-</strong></span> <span class='ocrx_word' id='word_1_22' title='bbox 898 392 899 402; x_wconf 63' lang='lat'>¹</span> 
     </span>
    </p>
   </div>
   <div class='ocr_carea' id='block_1_4' title="bbox 132 448 367 508">
    <p class='ocr_par' dir='ltr' id='par_1_4' title="bbox 132 448 367 508">
     <span class='ocr_line' id='line_1_4' title="bbox 132 448 367 508; baseline 0 -15"><span class='ocrx_word' id='word_1_23' title='bbox 132 448 202 494; x_wconf 87' lang='lat' dir='ltr'><strong>citum</strong></span> <span class='ocrx_word' id='word_1_24' title='bbox 213 455 367 508; x_wconf 83' lang='lat' dir='ltr'><strong>sequerentur.</strong></span> 
     </span>
    </p>
   </div>
   <div class='ocr_carea' id='block_1_5' title="bbox 131 509 899 638">
    <p class='ocr_par' dir='ltr' id='par_1_5' title="bbox 131 509 899 638">
     <span class='ocr_line' id='line_1_5' title="bbox 164 509 899 571; baseline 0 -12"><span class='ocrx_word' id='word_1_25' title='bbox 164 509 236 559; x_wconf 81' lang='lat' dir='ltr'><strong>xlv.</strong></span> <span class='ocrx_word' id='word_1_26' title='bbox 253 509 347 559; x_wconf 85' lang='lat' dir='ltr'><strong>Interim</strong></span> <span class='ocrx_word' id='word_1_27' title='bbox 369 509 505 558; x_wconf 72' lang='lat' dir='ltr'><strong>Mardonius</strong></span> <span class='ocrx_word' id='word_1_28' title='bbox 520 511 543 558; x_wconf 89' lang='lat' dir='ltr'><strong>in</strong></span> <span class='ocrx_word' id='word_1_29' title='bbox 561 509 653 558; x_wconf 84' lang='lat' dir='ltr'><strong>Graecii</strong></span> <span class='ocrx_word' id='word_1_30' title='bbox 671 509 802 571; x_wconf 80' lang='lat' dir='ltr'><strong>Olynthum</strong></span> <span class='ocrx_word' id='word_1_31' title='bbox 898 555 899 564; x_wconf 70' lang='grc'>,</span> 
     </span>
     <span class='ocr_line' id='line_1_6' title="bbox 131 573 899 638; baseline -0.009 -14"><span class='ocrx_word' id='word_1_32' title='bbox 131 583 254 638; x_wconf 75' lang='lat' dir='ltr'>expugnat.</span> <span class='ocrx_word' id='word_1_33' title='bbox 287 575 439 623; x_wconf 86' lang='lat' dir='ltr'><strong>Athenienses</strong></span> <span class='ocrx_word' id='word_1_34' title='bbox 449 590 540 637; x_wconf 85' lang='lat' dir='ltr'><strong>quoque</strong></span> <span class='ocrx_word' id='word_1_35' title='bbox 555 576 578 621; x_wconf 90' lang='lat' dir='ltr'><strong>in</strong></span> <span class='ocrx_word' id='word_1_36' title='bbox 590 577 734 636; x_wconf 79' lang='lat' dir='ltr'><strong>spempaeis,</strong></span> <span class='ocrx_word' id='word_1_37' title='bbox 745 577 802 623; x_wconf 76' lang='lat' dir='ltr'><strong>ami.</strong></span> <span class='ocrx_word' id='word_1_38' title='bbox 898 573 899 576; x_wconf 77' lang='grc'>’</span> 
     </span>
    </p>
   </div>
   <div class='ocr_carea' id='block_1_6' title="bbox 119 639 831 2784">
    <p class='ocr_par' dir='ltr' id='par_1_6' title="bbox 119 639 814 2198">
     <span class='ocr_line' id='line_1_7' title="bbox 131 639 803 702; baseline 0 -13"><span class='ocrx_word' id='word_1_39' title='bbox 131 643 251 702; x_wconf 87' lang='lat' dir='ltr'><strong>citiamque</strong></span> <span class='ocrx_word' id='word_1_40' title='bbox 269 642 329 702; x_wconf 81' lang='lat' dir='ltr'><strong>regis</strong></span> <span class='ocrx_word' id='word_1_41' title='bbox 346 639 458 694; x_wconf 84' lang='lat' dir='ltr'><strong>sollicitat,</strong></span> <span class='ocrx_word' id='word_1_42' title='bbox 476 640 589 701; x_wconf 83' lang='lat' dir='ltr'><strong>spondens</strong></span> <span class='ocrx_word' id='word_1_43' title='bbox 603 641 704 687; x_wconf 71' lang='lat' dir='ltr'><strong>incense</strong></span> <span class='ocrx_word' id='word_1_44' title='bbox 723 656 803 689; x_wconf 87' lang='lat' dir='ltr'><strong>eorum</strong></span> 
     </span>
     <span class='ocr_line' id='line_1_8' title="bbox 132 702 803 768; baseline -0.001 -14"><span class='ocrx_word' id='word_1_45' title='bbox 132 706 193 754; x_wconf 85' lang='lat' dir='ltr'><strong>urbis</strong></span> <span class='ocrx_word' id='word_1_46' title='bbox 210 706 277 753; x_wconf 86' lang='lat' dir='ltr'><strong>etiam</strong></span> <span class='ocrx_word' id='word_1_47' title='bbox 298 706 322 752; x_wconf 91' lang='lat' dir='ltr'><strong>iu</strong></span> <span class='ocrx_word' id='word_1_48' title='bbox 342 706 414 768; x_wconf 83' lang='lat' dir='ltr'><strong>majus</strong></span> <span class='ocrx_word' id='word_1_49' title='bbox 433 705 607 752; x_wconf 85' lang='lat' dir='ltr'><strong>restitutionem.</strong></span> <span class='ocrx_word' id='word_1_50' title='bbox 647 702 803 767; x_wconf 74' lang='lat' dir='ltr'><strong>Posteaquam</strong></span> 
     </span>
     <span class='ocr_line' id='line_1_9' title="bbox 131 769 804 831; baseline 0.003 -14"><span class='ocrx_word' id='word_1_51' title='bbox 131 771 195 818; x_wconf 88' lang='lat' dir='ltr'><strong>nullo</strong></span> <span class='ocrx_word' id='word_1_52' title='bbox 214 771 285 831; x_wconf 85' lang='lat' dir='ltr'><strong>pretio</strong></span> <span class='ocrx_word' id='word_1_53' title='bbox 301 770 426 818; x_wconf 87' lang='lat' dir='ltr'><strong>libertatem</strong></span> <span class='ocrx_word' id='word_1_54' title='bbox 444 769 507 816; x_wconf 81' lang='lat' dir='ltr'><strong>videt</strong></span> <span class='ocrx_word' id='word_1_55' title='bbox 525 770 561 817; x_wconf 85' lang='lat' dir='ltr'><strong>his</strong></span> <span class='ocrx_word' id='word_1_56' title='bbox 575 769 686 823; x_wconf 75' lang='lat' dir='ltr'><strong>venalem,</strong></span> <span class='ocrx_word' id='word_1_57' title='bbox 702 770 804 819; x_wconf 85' lang='lat' dir='ltr'><strong>incensis</strong></span> 
     </span>
     <span class='ocr_line' id='line_1_10' title="bbox 132 833 803 898; baseline 0.001 -15"><span class='ocrx_word' id='word_1_58' title='bbox 132 851 183 898; x_wconf 84' lang='lat' dir='ltr'><strong>quae</strong></span> <span class='ocrx_word' id='word_1_59' title='bbox 194 834 304 883; x_wconf 81' lang='lat' dir='ltr'><strong>aedificare</strong></span> <span class='ocrx_word' id='word_1_60' title='bbox 322 842 443 897; x_wconf 81' lang='lat' dir='ltr'><strong>ooeperant,</strong></span> <span class='ocrx_word' id='word_1_61' title='bbox 461 835 537 897; x_wconf 84' lang='lat' dir='ltr'><strong>copias</strong></span> <span class='ocrx_word' id='word_1_62' title='bbox 553 835 577 881; x_wconf 88' lang='lat' dir='ltr'><strong>in</strong></span> <span class='ocrx_word' id='word_1_63' title='bbox 596 833 712 882; x_wconf 84' lang='lat' dir='ltr'><strong>Boeotiarn</strong></span> <span class='ocrx_word' id='word_1_64' title='bbox 729 843 803 884; x_wconf 74' lang='lat' dir='ltr'><strong>mans·</strong></span> 
     </span>
     <span class='ocr_line' id='line_1_11' title="bbox 129 899 804 961; baseline 0.001 -13"><span class='ocrx_word' id='word_1_65' title='bbox 129 900 182 948; x_wconf 84' lang='lat' dir='ltr'><strong>fert.</strong></span> <span class='ocrx_word' id='word_1_66' title='bbox 213 899 424 947; x_wconf 81' lang='lat' dir='ltr'><strong>EoetGrsecorum</strong></span> <span class='ocrx_word' id='word_1_67' title='bbox 432 900 698 961; x_wconf 74' lang='lat' dir='ltr'><strong>exercitusquieentum</strong></span> <span class='ocrx_word' id='word_1_68' title='bbox 706 901 804 948; x_wconf 87' lang='lat' dir='ltr'><strong>millium</strong></span> 
     </span>
     <span class='ocr_line' id='line_1_12' title="bbox 130 964 805 1025; baseline 0.003 -13"><span class='ocrx_word' id='word_1_69' title='bbox 130 964 180 1017; x_wconf 81' lang='lat' dir='ltr'><strong>fuit,</strong></span> <span class='ocrx_word' id='word_1_70' title='bbox 197 972 287 1012; x_wconf 86' lang='lat' dir='ltr'><strong>secutus</strong></span> <span class='ocrx_word' id='word_1_71' title='bbox 297 971 347 1011; x_wconf 84' lang='lat' dir='ltr'><strong>est:</strong></span> <span class='ocrx_word' id='word_1_72' title='bbox 365 965 440 1025; x_wconf 86' lang='lat' dir='ltr'><strong>ibique</strong></span> <span class='ocrx_word' id='word_1_73' title='bbox 449 964 554 1025; x_wconf 85' lang='lat' dir='ltr'><strong>proelium</strong></span> <span class='ocrx_word' id='word_1_74' title='bbox 570 964 726 1011; x_wconf 81' lang='lat' dir='ltr'><strong>commissum</strong></span> <span class='ocrx_word' id='word_1_75' title='bbox 758 965 805 1014; x_wconf 85' lang='lat' dir='ltr'><strong>Sed</strong></span> 
     </span>
     <span class='ocr_line' id='line_1_13' title="bbox 131 1028 805 1091; baseline 0.001 -15"><span class='ocrx_word' id='word_1_76' title='bbox 131 1028 222 1077; x_wconf 79' lang='lat' dir='ltr'><strong>fortuna</strong></span> <span class='ocrx_word' id='word_1_77' title='bbox 233 1030 294 1091; x_wconf 78' lang='lat' dir='ltr'><strong>regia</strong></span> <span class='ocrx_word' id='word_1_78' title='bbox 304 1043 357 1075; x_wconf 86' lang='lat' dir='ltr'><strong>cum</strong></span> <span class='ocrx_word' id='word_1_79' title='bbox 367 1029 425 1076; x_wconf 87' lang='lat' dir='ltr'><strong>duce</strong></span> <span class='ocrx_word' id='word_1_80' title='bbox 434 1036 523 1076; x_wconf 84' lang='lat' dir='ltr'><strong>mutata</strong></span> <span class='ocrx_word' id='word_1_81' title='bbox 533 1044 579 1076; x_wconf 87' lang='lat' dir='ltr'><strong>non</strong></span> <span class='ocrx_word' id='word_1_82' title='bbox 595 1037 643 1076; x_wconf 86' lang='lat' dir='ltr'><strong>est:</strong></span> <span class='ocrx_word' id='word_1_83' title='bbox 663 1044 717 1076; x_wconf 83' lang='lat' dir='ltr'><strong>narn</strong></span> <span class='ocrx_word' id='word_1_84' title='bbox 728 1030 805 1078; x_wconf 85' lang='lat' dir='ltr'><strong>victus</strong></span> 
     </span>
     <span class='ocr_line' id='line_1_14' title="bbox 131 1093 806 1157; baseline 0.003 -16"><span class='ocrx_word' id='word_1_85' title='bbox 131 1093 273 1148; x_wconf 72' lang='lat' dir='ltr'><strong>Mardonius,</strong></span> <span class='ocrx_word' id='word_1_86' title='bbox 285 1094 356 1140; x_wconf 85' lang='lat' dir='ltr'><strong>veluti</strong></span> <span class='ocrx_word' id='word_1_87' title='bbox 366 1108 396 1141; x_wconf 90' lang='lat' dir='ltr'><strong>ex</strong></span> <span class='ocrx_word' id='word_1_88' title='bbox 406 1094 531 1156; x_wconf 77' lang='lat' dir='ltr'><strong>naufragio,</strong></span> <span class='ocrx_word' id='word_1_89' title='bbox 544 1109 596 1141; x_wconf 86' lang='lat' dir='ltr'><strong>oum</strong></span> <span class='ocrx_word' id='word_1_90' title='bbox 606 1094 683 1155; x_wconf 84' lang='lat' dir='ltr'><strong>paucis</strong></span> <span class='ocrx_word' id='word_1_91' title='bbox 693 1094 806 1157; x_wconf 81' lang='lat' dir='ltr'><strong>profugit.</strong></span> 
     </span>
     <span class='ocr_line' id='line_1_15' title="bbox 133 1157 805 1222; baseline 0 -15"><span class='ocrx_word' id='word_1_92' title='bbox 133 1158 215 1207; x_wconf 86' lang='lat' dir='ltr'><strong>Castra</strong></span> <span class='ocrx_word' id='word_1_93' title='bbox 225 1158 307 1206; x_wconf 88' lang='lat' dir='ltr'><strong>referta</strong></span> <span class='ocrx_word' id='word_1_94' title='bbox 323 1158 406 1221; x_wconf 75' lang='lat' dir='ltr'><strong>regulis</strong></span> <span class='ocrx_word' id='word_1_95' title='bbox 425 1158 546 1221; x_wconf 86' lang='lat' dir='ltr'><strong>opulentire</strong></span> <span class='ocrx_word' id='word_1_96' title='bbox 562 1167 633 1221; x_wconf 82' lang='lat' dir='ltr'><strong>capta.</strong></span> <span class='ocrx_word' id='word_1_97' title='bbox 667 1157 739 1205; x_wconf 84' lang='lat' dir='ltr'>Unde</span> <span class='ocrx_word' id='word_1_98' title='bbox 756 1162 805 1222; x_wconf 89' lang='lat' dir='ltr'><strong>pri·</strong></span> 
     </span>
     <span class='ocr_line' id='line_1_16' title="bbox 131 1222 805 1280; baseline 0.001 -9"><span class='ocrx_word' id='word_1_99' title='bbox 131 1238 194 1271; x_wconf 87' lang='lat' dir='ltr'><strong>rrrum</strong></span> <span class='ocrx_word' id='word_1_100' title='bbox 207 1224 309 1280; x_wconf 71' lang='lat' dir='ltr'><strong>Graecos,</strong></span> <span class='ocrx_word' id='word_1_101' title='bbox 320 1224 392 1271; x_wconf 85' lang='lat' dir='ltr'><strong>diviso</strong></span> <span class='ocrx_word' id='word_1_102' title='bbox 399 1224 459 1270; x_wconf 88' lang='lat' dir='ltr'><strong>inter</strong></span> <span class='ocrx_word' id='word_1_103' title='bbox 469 1239 494 1271; x_wconf 87' lang='lat' dir='ltr'><strong>se</strong></span> <span class='ocrx_word' id='word_1_104' title='bbox 501 1238 556 1271; x_wconf 86' lang='lat' dir='ltr'><strong>auro</strong></span> <span class='ocrx_word' id='word_1_105' title='bbox 565 1222 663 1277; x_wconf 84' lang='lat' dir='ltr'><strong>Persico,</strong></span> <span class='ocrx_word' id='word_1_106' title='bbox 672 1224 805 1272; x_wconf 84' lang='lat' dir='ltr'><strong>divitiarum</strong></span> 
     </span>
     <span class='ocr_line' id='line_1_17' title="bbox 131 1288 805 1352; baseline 0 -15"><span class='ocrx_word' id='word_1_107' title='bbox 131 1289 220 1338; x_wconf 85' lang='lat' dir='ltr'><strong>luxuria</strong></span> <span class='ocrx_word' id='word_1_108' title='bbox 227 1290 293 1352; x_wconf 79' lang='lat' dir='ltr'><strong>cepit</strong></span> <span class='ocrx_word' id='word_1_109' title='bbox 325 1288 415 1337; x_wconf 85' lang='lat' dir='ltr'><strong>Eodem</strong></span> <span class='ocrx_word' id='word_1_110' title='bbox 425 1288 485 1336; x_wconf 80' lang='lat' dir='ltr'><strong>forte</strong></span> <span class='ocrx_word' id='word_1_111' title='bbox 494 1288 538 1346; x_wconf 87' lang='lat' dir='ltr'><strong>die,</strong></span> <span class='ocrx_word' id='word_1_112' title='bbox 548 1304 593 1349; x_wconf 92' lang='lat' dir='ltr'><strong>quo</strong></span> <span class='ocrx_word' id='word_1_113' title='bbox 602 1288 718 1336; x_wconf 72' lang='lat' dir='ltr'><strong>Mandonii</strong></span> <span class='ocrx_word' id='word_1_114' title='bbox 730 1292 805 1352; x_wconf 81' lang='lat' dir='ltr'><strong>copiae</strong></span> 
     </span>
     <span class='ocr_line' id='line_1_18' title="bbox 131 1352 807 1415; baseline 0.001 -14"><span class='ocrx_word' id='word_1_115' title='bbox 131 1354 212 1403; x_wconf 75' lang='lat' dir='ltr'><strong>deletae</strong></span> <span class='ocrx_word' id='word_1_116' title='bbox 229 1363 288 1410; x_wconf 89' lang='lat' dir='ltr'><strong>sunt,</strong></span> <span class='ocrx_word' id='word_1_117' title='bbox 302 1356 369 1402; x_wconf 88' lang='lat' dir='ltr'><strong>etiarn</strong></span> <span class='ocrx_word' id='word_1_118' title='bbox 388 1354 463 1401; x_wconf 86' lang='lat' dir='ltr'><strong>navali</strong></span> <span class='ocrx_word' id='word_1_119' title='bbox 473 1353 554 1415; x_wconf 85' lang='lat' dir='ltr'><strong>proelio</strong></span> <span class='ocrx_word' id='word_1_120' title='bbox 565 1354 588 1400; x_wconf 87' lang='lat' dir='ltr'><strong>iu</strong></span> <span class='ocrx_word' id='word_1_121' title='bbox 600 1352 657 1400; x_wconf 80' lang='lat' dir='ltr'><strong>Arii</strong></span> <span class='ocrx_word' id='word_1_122' title='bbox 672 1353 714 1401; x_wconf 91' lang='lat' dir='ltr'><strong>sub</strong></span> <span class='ocrx_word' id='word_1_123' title='bbox 725 1363 807 1402; x_wconf 88' lang='lat' dir='ltr'><strong>monte</strong></span> 
     </span>
     <span class='ocr_line' id='line_1_19' title="bbox 131 1416 806 1482; baseline -0.004 -12"><span class='ocrx_word' id='word_1_124' title='bbox 131 1418 233 1481; x_wconf 81' lang='lat' dir='ltr'><strong>Mycale,</strong></span> <span class='ocrx_word' id='word_1_125' title='bbox 249 1419 356 1468; x_wconf 80' lang='lat' dir='ltr'><strong>adversus</strong></span> <span class='ocrx_word' id='word_1_126' title='bbox 371 1417 454 1466; x_wconf 89' lang='lat' dir='ltr'><strong>Persas</strong></span> <span class='ocrx_word' id='word_1_127' title='bbox 472 1418 602 1465; x_wconf 77' lang='lat' dir='ltr'><strong>dimicatum</strong></span> <span class='ocrx_word' id='word_1_128' title='bbox 621 1426 664 1482; x_wconf 83' lang='lat' dir='ltr'><strong>eat.</strong></span> <span class='ocrx_word' id='word_1_129' title='bbox 695 1416 732 1465; x_wconf 88' lang='lat' dir='ltr'><strong>Ibi</strong></span> <span class='ocrx_word' id='word_1_130' title='bbox 751 1427 806 1467; x_wconf 85' lang='lat' dir='ltr'><strong>aute</strong></span> 
     </span>
     <span class='ocr_line' id='line_1_20' title="bbox 132 1484 806 1547; baseline -0.001 -14"><span class='ocrx_word' id='word_1_131' title='bbox 132 1486 323 1547; x_wconf 74' lang='lat' dir='ltr'><strong>congressionem,</strong></span> <span class='ocrx_word' id='word_1_132' title='bbox 335 1499 386 1532; x_wconf 91' lang='lat' dir='ltr'><strong>curn</strong></span> <span class='ocrx_word' id='word_1_133' title='bbox 398 1484 481 1531; x_wconf 80' lang='lat' dir='ltr'><strong>classes</strong></span> <span class='ocrx_word' id='word_1_134' title='bbox 491 1498 521 1529; x_wconf 81' lang='lat' dir='ltr'><strong>ex</strong></span> <span class='ocrx_word' id='word_1_135' title='bbox 531 1484 626 1531; x_wconf 81' lang='lat' dir='ltr'><strong>adverso</strong></span> <span class='ocrx_word' id='word_1_136' title='bbox 637 1490 730 1539; x_wconf 82' lang='lat' dir='ltr'><strong>starent,</strong></span> <span class='ocrx_word' id='word_1_137' title='bbox 743 1484 806 1532; x_wconf 84' lang='lat' dir='ltr'><strong>fama</strong></span> 
     </span>
     <span class='ocr_line' id='line_1_21' title="bbox 133 1548 805 1611; baseline -0.001 -13"><span class='ocrx_word' id='word_1_138' title='bbox 133 1551 162 1597; x_wconf 87' lang='lat' dir='ltr'><strong>ad</strong></span> <span class='ocrx_word' id='word_1_139' title='bbox 179 1558 298 1611; x_wconf 86' lang='lat' dir='ltr'><strong>utrumque</strong></span> <span class='ocrx_word' id='word_1_140' title='bbox 313 1550 436 1597; x_wconf 84' lang='lat' dir='ltr'><strong>exercitum</strong></span> <span class='ocrx_word' id='word_1_141' title='bbox 456 1548 526 1604; x_wconf 83' lang='lat' dir='ltr'><strong>veuit,</strong></span> <span class='ocrx_word' id='word_1_142' title='bbox 550 1549 633 1597; x_wconf 85' lang='lat' dir='ltr'><strong>vicisse</strong></span> <span class='ocrx_word' id='word_1_143' title='bbox 652 1548 757 1602; x_wconf 72' lang='lat' dir='ltr'><strong>Grecos,</strong></span> <span class='ocrx_word' id='word_1_144' title='bbox 780 1557 805 1597; x_wconf 88' lang='lat' dir='ltr'><strong>et</strong></span> 
     </span>
     <span class='ocr_line' id='line_1_22' title="bbox 133 1612 805 1677; baseline -0.004 -13"><span class='ocrx_word' id='word_1_145' title='bbox 133 1614 249 1664; x_wconf 83' lang='lat' dir='ltr'><strong>Mardonii</strong></span> <span class='ocrx_word' id='word_1_146' title='bbox 260 1616 334 1677; x_wconf 86' lang='lat' dir='ltr'><strong>copias</strong></span> <span class='ocrx_word' id='word_1_147' title='bbox 345 1614 461 1663; x_wconf 85' lang='lat' dir='ltr'><strong>occidione</strong></span> <span class='ocrx_word' id='word_1_148' title='bbox 470 1613 587 1660; x_wconf 84' lang='lat' dir='ltr'><strong>occidisse.</strong></span> <span class='ocrx_word' id='word_1_149' title='bbox 618 1612 718 1660; x_wconf 85' lang='lat' dir='ltr'><strong>Tantam</strong></span> <span class='ocrx_word' id='word_1_150' title='bbox 734 1613 805 1661; x_wconf 75' lang='lat' dir='ltr'><strong>samaa</strong></span> 
     </span>
     <span class='ocr_line' id='line_1_23' title="bbox 131 1679 805 1741; baseline 0 -16"><span class='ocrx_word' id='word_1_151' title='bbox 131 1679 272 1727; x_wconf 83' lang='lat' dir='ltr'><strong>velocitatem</strong></span> <span class='ocrx_word' id='word_1_152' title='bbox 279 1679 356 1734; x_wconf 83' lang='lat' dir='ltr'><strong>fuisse,</strong></span> <span class='ocrx_word' id='word_1_153' title='bbox 364 1687 395 1734; x_wconf 81' lang='lat' dir='ltr'><strong>ut,</strong></span> <span class='ocrx_word' id='word_1_154' title='bbox 407 1694 459 1726; x_wconf 87' lang='lat' dir='ltr'><strong>oum</strong></span> <span class='ocrx_word' id='word_1_155' title='bbox 467 1679 578 1725; x_wconf 86' lang='lat' dir='ltr'><strong>matutino</strong></span> <span class='ocrx_word' id='word_1_156' title='bbox 586 1685 687 1739; x_wconf 82' lang='lat' dir='ltr'><strong>tempore</strong></span> <span class='ocrx_word' id='word_1_157' title='bbox 697 1679 805 1741; x_wconf 86' lang='lat' dir='ltr'><strong>proelium</strong></span> 
     </span>
     <span class='ocr_line' id='line_1_24' title="bbox 119 1742 805 1798; baseline 0 -8"><span class='ocrx_word' id='word_1_158' title='bbox 119 1744 155 1790; x_wconf 84' lang='lat' dir='ltr'><strong>&#39;in</strong></span> <span class='ocrx_word' id='word_1_159' title='bbox 168 1742 260 1794; x_wconf 82' lang='lat' dir='ltr'><strong>Boeotii</strong></span> <span class='ocrx_word' id='word_1_160' title='bbox 269 1745 413 1791; x_wconf 86' lang='lat' dir='ltr'><strong>commissum</strong></span> <span class='ocrx_word' id='word_1_161' title='bbox 420 1744 456 1798; x_wconf 80' lang='lat' dir='ltr'><strong>sit,</strong></span> <span class='ocrx_word' id='word_1_162' title='bbox 468 1743 596 1791; x_wconf 85' lang='lat' dir='ltr'><strong>meridianis</strong></span> <span class='ocrx_word' id='word_1_163' title='bbox 607 1744 668 1790; x_wconf 88' lang='lat' dir='ltr'><strong>horis</strong></span> <span class='ocrx_word' id='word_1_164' title='bbox 679 1743 703 1789; x_wconf 83' lang='lat' dir='ltr'><strong>ia</strong></span> <span class='ocrx_word' id='word_1_165' title='bbox 716 1743 805 1798; x_wconf 84' lang='lat' dir='ltr'><strong>Asiam,</strong></span> 
     </span>
     <span class='ocr_line' id='line_1_25' title="bbox 132 1799 805 1872; baseline 0.001 -18"><span class='ocrx_word' id='word_1_166' title='bbox 132 1823 173 1872; x_wconf 66' lang='lat' dir='ltr'><strong>per</strong></span> <span class='ocrx_word' id='word_1_167' title='bbox 184 1799 218 1855; x_wconf 82' lang='lat' dir='ltr'><strong>tot</strong></span> <span class='ocrx_word' id='word_1_168' title='bbox 228 1809 303 1862; x_wconf 72' lang='lat' dir='ltr'><strong>mana</strong></span> <span class='ocrx_word' id='word_1_169' title='bbox 323 1815 346 1855; x_wconf 90' lang='lat' dir='ltr'><strong>et</strong></span> <span class='ocrx_word' id='word_1_170' title='bbox 362 1815 448 1855; x_wconf 86' lang='lat' dir='ltr'><strong>tantum</strong></span> <span class='ocrx_word' id='word_1_171' title='bbox 468 1808 540 1870; x_wconf 83' lang='lat' dir='ltr'><strong>spatii,</strong></span> <span class='ocrx_word' id='word_1_172' title='bbox 559 1815 606 1855; x_wconf 85' lang='lat' dir='ltr'><strong>tarn</strong></span> <span class='ocrx_word' id='word_1_173' title='bbox 616 1808 680 1854; x_wconf 82' lang='lat' dir='ltr'><strong>brevi</strong></span> <span class='ocrx_word' id='word_1_174' title='bbox 697 1809 805 1855; x_wconf 81' lang='lat' dir='ltr'><strong>horarum</strong></span> 
     </span>
     <span class='ocr_line' id='line_1_26' title="bbox 132 1870 805 1928; baseline -0.006 -6"><span class='ocrx_word' id='word_1_175' title='bbox 132 1880 255 1927; x_wconf 86' lang='lat' dir='ltr'><strong>momento,</strong></span> <span class='ocrx_word' id='word_1_176' title='bbox 264 1873 292 1919; x_wconf 93' lang='lat' dir='ltr'><strong>de</strong></span> <span class='ocrx_word' id='word_1_177' title='bbox 300 1871 394 1919; x_wconf 82' lang='lat' dir='ltr'><strong>victorii</strong></span> <span class='ocrx_word' id='word_1_178' title='bbox 401 1873 528 1920; x_wconf 86' lang='lat' dir='ltr'><strong>nuntiatum</strong></span> <span class='ocrx_word' id='word_1_179' title='bbox 536 1872 581 1921; x_wconf 90' lang='lat' dir='ltr'><strong>sit!</strong></span> <span class='ocrx_word' id='word_1_180' title='bbox 616 1870 805 1928; x_wconf 66' lang='lat' dir='ltr'><strong>Consectobellm</strong></span> 
     </span>
     <span class='ocr_line' id='line_1_27' title="bbox 132 1938 804 2001; baseline -0.003 -16"><span class='ocrx_word' id='word_1_181' title='bbox 132 1953 185 1985; x_wconf 90' lang='lat' dir='ltr'><strong>cum</strong></span> <span class='ocrx_word' id='word_1_182' title='bbox 196 1939 224 1985; x_wconf 88' lang='lat' dir='ltr'><strong>de</strong></span> <span class='ocrx_word' id='word_1_183' title='bbox 234 1938 332 2001; x_wconf 83' lang='lat' dir='ltr'><strong>praemiis</strong></span> <span class='ocrx_word' id='word_1_184' title='bbox 342 1938 466 1990; x_wconf 81' lang='lat' dir='ltr'><strong>civitatium</strong></span> <span class='ocrx_word' id='word_1_185' title='bbox 478 1948 589 2001; x_wconf 78' lang='lat' dir='ltr'><strong>ageretur,</strong></span> <span class='ocrx_word' id='word_1_186' title='bbox 599 1938 701 1985; x_wconf 87' lang='lat' dir='ltr'><strong>omnium</strong></span> <span class='ocrx_word' id='word_1_187' title='bbox 708 1938 804 2000; x_wconf 86' lang='lat' dir='ltr'><strong>judicio,</strong></span> 
     </span>
     <span class='ocr_line' id='line_1_28' title="bbox 132 2000 804 2066; baseline 0 -15"><span class='ocrx_word' id='word_1_188' title='bbox 132 2001 307 2051; x_wconf 77' lang='lat' dir='ltr'><strong>Atheniensium</strong></span> <span class='ocrx_word' id='word_1_189' title='bbox 327 2003 398 2049; x_wconf 89' lang='lat' dir='ltr'><strong>virtus</strong></span> <span class='ocrx_word' id='word_1_190' title='bbox 415 2004 504 2051; x_wconf 75' lang='lat' dir='ltr'><strong>caeteris</strong></span> <span class='ocrx_word' id='word_1_191' title='bbox 521 2004 620 2066; x_wconf 80' lang='lat' dir='ltr'><strong>praelata.</strong></span> <span class='ocrx_word' id='word_1_192' title='bbox 652 2000 718 2048; x_wconf 82' lang='lat' dir='ltr'><strong>Inter</strong></span> <span class='ocrx_word' id='word_1_193' title='bbox 734 2003 804 2051; x_wconf 87' lang='lat' dir='ltr'><strong>duces</strong></span> 
     </span>
     <span class='ocr_line' id='line_1_29' title="bbox 132 2067 805 2131; baseline 0 -15"><span class='ocrx_word' id='word_1_194' title='bbox 132 2084 222 2131; x_wconf 88' lang='lat' dir='ltr'><strong>quoque</strong></span> <span class='ocrx_word' id='word_1_195' title='bbox 232 2067 403 2122; x_wconf 84' lang='lat' dir='ltr'><strong>Themistocles,</strong></span> <span class='ocrx_word' id='word_1_196' title='bbox 421 2070 524 2130; x_wconf 81' lang='lat' dir='ltr'><strong>princeps</strong></span> <span class='ocrx_word' id='word_1_197' title='bbox 535 2068 661 2114; x_wconf 82' lang='lat' dir='ltr'><strong>civitatium</strong></span> <span class='ocrx_word' id='word_1_198' title='bbox 672 2067 805 2116; x_wconf 87' lang='lat' dir='ltr'><strong>testimonio</strong></span> 
     </span>
     <span class='ocr_line' id='line_1_30' title="bbox 129 2133 814 2198; baseline -0.006 -17"><span class='ocrx_word' id='word_1_199' title='bbox 129 2134 250 2198; x_wconf 86' lang='lat' dir='ltr'><strong>judicatus,</strong></span> <span class='ocrx_word' id='word_1_200' title='bbox 263 2134 358 2195; x_wconf 79' lang='lat' dir='ltr'><strong>gloriam</strong></span> <span class='ocrx_word' id='word_1_201' title='bbox 366 2134 446 2195; x_wconf 81' lang='lat' dir='ltr'><strong>patriae</strong></span> <span class='ocrx_word' id='word_1_202' title='bbox 457 2147 505 2180; x_wconf 83' lang='lat' dir='ltr'><strong>suae</strong></span> <span class='ocrx_word' id='word_1_203' title='bbox 516 2133 586 2180; x_wconf 86' lang='lat' dir='ltr'><strong>nuxit.</strong></span> <span class='ocrx_word' id='word_1_204' title='bbox 811 2179 814 2184; x_wconf 69' lang='grc'><strong>,</strong></span> 
     </span>
    </p>

    <p class='ocr_par' dir='ltr' id='par_1_7' title="bbox 132 2196 831 2784">
     <span class='ocr_line' id='line_1_31' title="bbox 163 2196 806 2260; baseline -0.003 -14"><span class='ocrx_word' id='word_1_205' title='bbox 163 2198 223 2247; x_wconf 82' lang='lat' dir='ltr'><strong>XV.</strong></span> <span class='ocrx_word' id='word_1_206' title='bbox 241 2197 316 2260; x_wconf 79' lang='lat' dir='ltr'><strong>Igitur</strong></span> <span class='ocrx_word' id='word_1_207' title='bbox 326 2198 484 2252; x_wconf 79' lang='lat' dir='ltr'><strong>Athenienses,</strong></span> <span class='ocrx_word' id='word_1_208' title='bbox 496 2198 556 2244; x_wconf 88' lang='lat' dir='ltr'><strong>aucti</strong></span> <span class='ocrx_word' id='word_1_209' title='bbox 567 2205 591 2244; x_wconf 88' lang='lat' dir='ltr'><strong>et</strong></span> <span class='ocrx_word' id='word_1_210' title='bbox 605 2196 705 2259; x_wconf 67' lang='lat' dir='ltr'><strong>praemiis</strong></span> <span class='ocrx_word' id='word_1_211' title='bbox 715 2197 806 2245; x_wconf 82' lang='lat' dir='ltr'><strong>belliet</strong></span> 
     </span>
     <span class='ocr_line' id='line_1_32' title="bbox 132 2261 805 2326; baseline -0.001 -17"><span class='ocrx_word' id='word_1_212' title='bbox 132 2262 212 2326; x_wconf 80' lang='lat' dir='ltr'><strong>glorii,</strong></span> <span class='ocrx_word' id='word_1_213' title='bbox 229 2266 305 2311; x_wconf 88' lang='lat' dir='ltr'><strong>urbem</strong></span> <span class='ocrx_word' id='word_1_214' title='bbox 316 2279 346 2311; x_wconf 85' lang='lat' dir='ltr'><strong>ex</strong></span> <span class='ocrx_word' id='word_1_215' title='bbox 357 2264 446 2325; x_wconf 76' lang='lat' dir='ltr'><strong>integro</strong></span> <span class='ocrx_word' id='word_1_216' title='bbox 463 2263 560 2310; x_wconf 87' lang='lat' dir='ltr'><strong>condere</strong></span> <span class='ocrx_word' id='word_1_217' title='bbox 578 2262 709 2310; x_wconf 82' lang='lat' dir='ltr'><strong>moliuntur.</strong></span> <span class='ocrx_word' id='word_1_218' title='bbox 743 2261 805 2311; x_wconf 87' lang='lat' dir='ltr'><strong>Cum</strong></span> 
     </span>
     <span class='ocr_line' id='line_1_33' title="bbox 133 2325 805 2391; baseline -0.003 -16"><span class='ocrx_word' id='word_1_219' title='bbox 133 2329 217 2375; x_wconf 88' lang='lat' dir='ltr'><strong>moeuia</strong></span> <span class='ocrx_word' id='word_1_220' title='bbox 228 2331 311 2391; x_wconf 65' lang='lat' dir='ltr'><strong>majora</strong></span> <span class='ocrx_word' id='word_1_221' title='bbox 318 2328 429 2391; x_wconf 81' lang='lat' dir='ltr'><strong>complexi</strong></span> <span class='ocrx_word' id='word_1_222' title='bbox 439 2326 542 2381; x_wconf 86' lang='lat' dir='ltr'><strong>fuissent,</strong></span> <span class='ocrx_word' id='word_1_223' title='bbox 560 2328 657 2388; x_wconf 84' lang='lat' dir='ltr'><strong>suspecti</strong></span> <span class='ocrx_word' id='word_1_224' title='bbox 667 2342 719 2374; x_wconf 88' lang='lat' dir='ltr'><strong>esse</strong></span> <span class='ocrx_word' id='word_1_225' title='bbox 730 2325 805 2373; x_wconf 85' lang='lat' dir='ltr'><strong>Lace-</strong></span> 
     </span>
     <span class='ocr_line' id='line_1_34' title="bbox 133 2391 805 2455; baseline -0.001 -15"><span class='ocrx_word' id='word_1_226' title='bbox 133 2393 252 2440; x_wconf 86' lang='lat' dir='ltr'><strong>daemoniis</strong></span> <span class='ocrx_word' id='word_1_227' title='bbox 270 2394 365 2455; x_wconf 70' lang='lat' dir='ltr'><strong>crepere,</strong></span> <span class='ocrx_word' id='word_1_228' title='bbox 382 2403 443 2441; x_wconf 87' lang='lat' dir='ltr'><strong>recte</strong></span> <span class='ocrx_word' id='word_1_229' title='bbox 458 2392 618 2454; x_wconf 80' lang='lat' dir='ltr'><strong>reputantibus,</strong></span> <span class='ocrx_word' id='word_1_230' title='bbox 641 2391 723 2451; x_wconf 85' lang='lat' dir='ltr'><strong>quibus</strong></span> <span class='ocrx_word' id='word_1_231' title='bbox 738 2392 805 2439; x_wconf 86' lang='lat' dir='ltr'><strong>ruina</strong></span> 
     </span>
     <span class='ocr_line' id='line_1_35' title="bbox 134 2455 805 2518; baseline 0 -15"><span class='ocrx_word' id='word_1_232' title='bbox 134 2458 195 2508; x_wconf 86' lang='lat' dir='ltr'><strong>urbis</strong></span> <span class='ocrx_word' id='word_1_233' title='bbox 202 2464 289 2504; x_wconf 88' lang='lat' dir='ltr'><strong>tanturn</strong></span> <span class='ocrx_word' id='word_1_234' title='bbox 299 2458 431 2505; x_wconf 90' lang='lat' dir='ltr'><strong>incrementi</strong></span> <span class='ocrx_word' id='word_1_235' title='bbox 443 2457 547 2511; x_wconf 82' lang='lat' dir='ltr'><strong>dedisset,</strong></span> <span class='ocrx_word' id='word_1_236' title='bbox 561 2464 670 2518; x_wconf 84' lang='lat' dir='ltr'><strong>quantum</strong></span> <span class='ocrx_word' id='word_1_237' title='bbox 682 2456 712 2503; x_wconf 89' lang='lat' dir='ltr'><strong>sit</strong></span> <span class='ocrx_word' id='word_1_238' title='bbox 724 2455 805 2503; x_wconf 86' lang='lat' dir='ltr'><strong>datura</strong></span> 
     </span>
     <span class='ocr_line' id='line_1_36' title="bbox 133 2521 805 2584; baseline 0 -15"><span class='ocrx_word' id='word_1_239' title='bbox 133 2521 221 2569; x_wconf 85' lang='lat' dir='ltr'><strong>munita</strong></span> <span class='ocrx_word' id='word_1_240' title='bbox 231 2522 317 2569; x_wconf 83' lang='lat' dir='ltr'><strong>civitas.</strong></span> <span class='ocrx_word' id='word_1_241' title='bbox 345 2522 443 2570; x_wconf 86' lang='lat' dir='ltr'><strong>Mittunt</strong></span> <span class='ocrx_word' id='word_1_242' title='bbox 453 2537 510 2584; x_wconf 86' lang='lat' dir='ltr'><strong>ergo</strong></span> <span class='ocrx_word' id='word_1_243' title='bbox 520 2523 617 2584; x_wconf 79' lang='lat' dir='ltr'><strong>legatos,</strong></span> <span class='ocrx_word' id='word_1_244' title='bbox 629 2523 666 2583; x_wconf 90' lang='lat' dir='ltr'><strong>qui</strong></span> <span class='ocrx_word' id='word_1_245' title='bbox 676 2528 805 2577; x_wconf 85' lang='lat' dir='ltr'><strong>monerent,</strong></span> 
     </span>
     <span class='ocr_line' id='line_1_37' title="bbox 134 2585 831 2648; baseline 0 -14"><span class='ocrx_word' id='word_1_246' title='bbox 134 2601 164 2634; x_wconf 86' lang='lat' dir='ltr'><strong>ne</strong></span> <span class='ocrx_word' id='word_1_247' title='bbox 183 2588 322 2634; x_wconf 87' lang='lat' dir='ltr'><strong>munimenta</strong></span> <span class='ocrx_word' id='word_1_248' title='bbox 338 2587 446 2640; x_wconf 85' lang='lat' dir='ltr'><strong>hostibus,</strong></span> <span class='ocrx_word' id='word_1_249' title='bbox 464 2594 488 2634; x_wconf 87' lang='lat' dir='ltr'><strong>et</strong></span> <span class='ocrx_word' id='word_1_250' title='bbox 506 2587 647 2648; x_wconf 80' lang='lat' dir='ltr'><strong>receptacula</strong></span> <span class='ocrx_word' id='word_1_251' title='bbox 664 2585 736 2633; x_wconf 80' lang='lat' dir='ltr'><strong>futuri</strong></span> <span class='ocrx_word' id='word_1_252' title='bbox 753 2586 807 2634; x_wconf 86' lang='lat' dir='ltr'><strong>belli</strong></span> <span class='ocrx_word' id='word_1_253' title='bbox 828 2631 831 2640; x_wconf 82' lang='grc'><strong>,</strong></span> 
     </span>
     <span class='ocr_line' id='line_1_38' title="bbox 133 2650 830 2715; baseline 0 -17"><span class='ocrx_word' id='word_1_254' title='bbox 133 2658 259 2699; x_wconf 82' lang='lat' dir='ltr'><strong>exstruant.</strong></span> <span class='ocrx_word' id='word_1_255' title='bbox 289 2650 462 2705; x_wconf 77' lang='lat' dir='ltr'><strong>Themistocles,</strong></span> <span class='ocrx_word' id='word_1_256' title='bbox 482 2662 509 2699; x_wconf 93' lang='lat' dir='ltr'><strong>ut</strong></span> <span class='ocrx_word' id='word_1_257' title='bbox 525 2652 583 2700; x_wconf 85' lang='lat' dir='ltr'><strong>vidit</strong></span> <span class='ocrx_word' id='word_1_258' title='bbox 601 2653 649 2715; x_wconf 83' lang='lat' dir='ltr'><strong>spei</strong></span> <span class='ocrx_word' id='word_1_259' title='bbox 666 2652 729 2699; x_wconf 88' lang='lat' dir='ltr'><strong>urbis</strong></span> <span class='ocrx_word' id='word_1_260' title='bbox 746 2652 807 2699; x_wconf 84' lang='lat' dir='ltr'><strong>invi·</strong></span> <span class='ocrx_word' id='word_1_261' title='bbox 817 2695 830 2712; x_wconf 23' lang='grc' dir='ltr'><em>Α</em></span> 
     </span>
     <span class='ocr_line' id='line_1_39' title="bbox 133 2715 807 2784; baseline 0.001 -21"><span class='ocrx_word' id='word_1_262' title='bbox 133 2715 186 2776; x_wconf 84' lang='lat' dir='ltr'><strong>den&#39;,</strong></span> <span class='ocrx_word' id='word_1_263' title='bbox 198 2732 245 2784; x_wconf 85' lang='lat' dir='ltr'><strong>uon</strong></span> <span class='ocrx_word' id='word_1_264' title='bbox 255 2718 387 2768; x_wconf 69' lang='lat' dir='ltr'><strong>emstimans</strong></span> <span class='ocrx_word' id='word_1_265' title='bbox 397 2717 491 2780; x_wconf 77' lang='lat' dir='ltr'><strong>abrupte</strong></span> <span class='ocrx_word' id='word_1_266' title='bbox 507 2718 627 2781; x_wconf 73' lang='lat' dir='ltr'><strong>agendum,</strong></span> <span class='ocrx_word' id='word_1_267' title='bbox 644 2716 807 2781; x_wconf 71' lang='lat' dir='ltr'><strong>respondtle-</strong></span> 
     </span>
    </p>
   </div>
   <div class='ocr_carea' id='block_1_7' title="bbox 0 0 908 2942">
    <p class='ocr_par' dir='ltr' id='par_1_8' title="bbox 0 0 908 2942">
     <span class='ocr_line' id='line_1_40' title="bbox 0 0 908 2942; baseline 0 0"><span class='ocrx_word' id='word_1_268' title='bbox 0 0 908 2942; x_wconf 95' lang='lat' dir='ltr'><strong> </strong></span> 
     </span>
    </p>
   </div>
  </div>
 </body>
</html>
