1800 2942
250 174 387 229 JUSTINI
403 177 459 227 Lrs.
469 177 502 226 V.
518 177 578 229 car.
590 183 613 232 9.
719 182 765 228 19⁵

99 306 189 362 Qrubus
199 305 265 355 mais
274 307 426 357 Athenienses
431 308 504 365 irreti,
512 315 564 372 post
573 309 666 370 longam
674 306 764 363 samem,

97 378 123 424 et
137 372 228 419 ass‘dua
241 387 333 420 suorum
346 372 432 429 bruera,
450 389 529 437 pacem
539 371 654 436 petivere:
673 387 724 434 qnae
734 387 765 419 sn

97 436 146 489 dari
156 437 253 493 deberet,
270 437 309 485 diu
319 438 378 485 inter
390 438 512 501 Spartanos
523 440 640 499 sociosque
656 437 764 484 delibem

97 508 156 552 nnn
189 499 249 551 Cum
266 502 331 550 multi
350 503 470 550 delendum
482 504 655 551 Atheniensium
673 516 764 556 nomen,

96 566 221 628 11thoe
235 566 339 615 incendio
358 570 532 616 consumendam
550 575 674 620 censerent,
694 564 766 629 negi-

97 637 153 678 nrnt
165 646 192 679 se
209 631 313 694 Spartani
330 647 360 678 ex
375 634 461 680 duobus
472 635 571 682 Graeoiae
586 633 658 680 oculis
668 633 764 679 alterum

98 702 218 753 eruturos;
229 712 307 758 paoem
318 697 417 758 polliciti,
428 700 447 745 si
456 699 553 746 demissa
561 697 674 745 Piraeeum
685 711 765 744 versus

97 759 157 810 muri
172 761 263 808 brachia
277 763 404 824 dejicerent,
425 778 544 825 navesque,
563 779 615 825 quae
626 762 717 822 reliquae
727 760 766 807 fo·

97 831 157 879 rent,
176 826 306 884 traderent3
323 842 404 888 resque
419 829 507 890 publiea
521 844 551 876 ex
565 834 637 875 semet
652 828 706 889 ipsis
722 824 764 872 tri·

96 891 164 953 ginta
182 897 280 938 restores
296 892 412 954 acciperet.
444 892 474 940 ln
485 895 525 941 has
535 894 598 955 leges
609 893 711 939 traditam
723 890 765 938 sibi

97 955 177 1004 urbem
194 953 362 1004 Lacedaemonii
378 956 518 1005 formandam
535 957 655 1019 Lysandro
666 955 765 1003 tradide-

97 1026 158 1067 runt.
194 1018 296 1083 Insignis
315 1022 352 1068 hio
366 1037 438 1070 annus
448 1031 473 1071 et
483 1024 650 1085 expugnatione
661 1021 764 1068 Athena·

96 1099 156 1140 rum,
168 1092 192 1132 et
206 1094 279 1133 morte
290 1085 356 1133 Darii
367 1089 427 1150 regis
438 1087 566 1141 Persarum,
578 1095 602 1134 et
612 1087 692 1134 exsilio
702 1084 765 1132 Dio·

96 1150 159 1211 nysii
169 1149 253 1198 Sicilie
261 1152 350 1212 tyranni
360 1151 410 1199 fuit.
444 1152 536 1199 Mutum
547 1159 607 1198 statu
616 1151 765 1205 Athenarum,

95 1215 166 1262 etiam
185 1215 269 1262 civium
288 1216 387 1263 conditio
406 1224 512 1262 mutatur.
545 1215 651 1276 Triginta
666 1221 766 1261 rectores

95 1278 226 1342 reipublicae
242 1281 425 1338 constituuntur3
442 1282 481 1340 qui
490 1278 549 1327 fiunt
559 1280 664 1341 tyranni:
683 1279 765 1340 quippe

94 1358 110 1391 a
120 1343 230 1406 principio
240 1345 283 1391 tria
293 1344 362 1391 millia
373 1345 414 1391 sibi
430 1344 551 1391 satellitum
563 1350 671 1395 statuunt,
691 1357 765 1403 qusn-

94 1415 146 1456 tum
164 1422 194 1456 en
204 1415 240 1455 tot
249 1409 348 1456 cladibus
364 1422 433 1470 prope
446 1423 489 1454 nec
506 1408 589 1454 civium
606 1406 764 1468 superfuerat3

94 1479 126 1530 er,
136 1473 201 1534 quasi
210 1488 293 1534 parvus
304 1474 341 1518 hio
350 1473 379 1518 sd
389 1472 547 1518 continendam
556 1472 670 1518 civitatem
678 1471 765 1517 exerei-

92 1545 134 1586 tus
145 1543 212 1591 esset,
224 1535 380 1599 septingentos
391 1536 497 1583 militesa
508 1536 630 1582 vineribus
643 1535 764 1597 accipiunt.

94 1601 180 1651 caries
198 1600 278 1649 dende
291 1600 376 1647 civium
390 1601 418 1648 ab
428 1600 546 1647 Alcibiade
556 1601 717 1662 auspicantur3
735 1614 765 1647 ne

93 1669 177 1716 iterum
188 1665 347 1727 rempublicam
359 1665 400 1713 sub
418 1668 512 1712 obtentu
523 1666 660 1712 liberationis
670 1664 764 1713 invade·

93 1740 138 1780 ret.
171 1729 247 1786 Quem
265 1745 316 1777 eum
332 1729 459 1791 proiectum
471 1731 499 1777 ari
510 1730 662 1785 Artaxerxen,
680 1730 764 1778 Persa-

93 1812 146 1846 nrm
155 1810 240 1859 regern
252 1796 420 1858 comperissent,
431 1797 500 1843 citato
507 1796 586 1843 itinere
597 1797 713 1850 miserunt,
721 1796 764 1856 qui

92 1876 149 1912 enm
165 1860 338 1923 interciperent:
358 1861 462 1921 aquibus
479 1869 607 1923 occupatus,
628 1877 681 1908 eum
692 1861 764 1908 oeoidi

93 1932 174 1989 aperte
184 1941 230 1974 non
240 1932 325 1988 posset,
344 1927 411 1973 vivus
421 1927 445 1973 in
456 1926 564 1982 cubiculo,
576 1927 656 1987 inquo
667 1925 765 1973 dormie-

93 1994 141 2046 bat,
158 1998 271 2038 crematus
281 1997 325 2038 est.

128 2054 178 2104 lx.
194 2054 293 2103 Issenti
310 2056 354 2102 boo
373 2055 452 2103 ultoris
469 2062 540 2113 metu,
561 2055 652 2116 tyranm
671 2054 765 2101 miseras

93 2122 158 2170 urbis
169 2121 273 2181 reliquias
283 2121 381 2167 eaedibus
392 2128 415 2168 et
425 2120 508 2183 rapinis
522 2121 663 2166 exhauriunt.
695 2117 765 2173 Quod

94 2202 150 2234 eum
161 2185 278 2247 displioere
288 2185 326 2233 uni
338 2200 367 2231 ex
376 2200 469 2232 numero
480 2200 522 2232 suo
529 2183 665 2232 'lberameni
674 2183 764 2231 didicis·

93 2258 155 2306 sent.
170 2250 243 2313 ipsum
254 2265 344 2311 quoque
353 2252 381 2297 ad
392 2258 500 2298 terrorem
511 2250 611 2297 omnium
622 2247 766 2295 interficiunt

95 2315 137 2365 Fit
147 2314 259 2378 igiturex
270 2315 324 2362 urbe
334 2317 416 2376 possim
428 2315 528 2362 omnium
535 2313 605 2376 fuga3
623 2314 765 2375 repleturque

96 2380 191 2430 Graecia
201 2379 375 2427 Atheniensium
385 2380 515 2426 exsulibus:
534 2380 595 2439 quod
610 2380 676 2425 etiam
689 2380 765 2440 ipsum

94 2446 206 2498 auxilium
218 2460 269 2492 cum
277 2445 365 2492 miseris
372 2446 496 2506 eriperetur
504 2445 567 2507 (narn
578 2442 764 2490 heedaemonio·

95 2526 149 2559 rum
166 2510 240 2557 edicto
249 2510 353 2557 civitates
364 2510 454 2556 exsules
468 2509 566 2570 recipere
579 2505 763 2571 prohibebantur)

94 2589 178 2625 omnes
187 2590 214 2623 se
225 2574 303 2637 Argos
314 2582 338 2621 et
347 2573 437 2638 Tbebss
447 2572 577 2621 contulere:
591 2574 621 2620 ibi
633 2588 678 2619 non
689 2569 764 2617 solum

95 2648 175 2689 tutum
190 2639 294 2687 exsilium
306 2646 409 2701 egerunt,
425 2654 505 2686 verum
516 2640 584 2684 etiarn
595 2652 658 2699 spem
670 2647 763 2693 recupe-

96 2705 177 2755 rsndae
184 2705 264 2768 patrie
275 2711 414 2767 receperunt
431 2702 491 2752 Erat
498 2704 557 2751 inter
564 2701 654 2750 exsules
662 2698 766 2757 unsy-
