1800 2942
169 158 202 205 st
400 153 605 207 doemunt
725 152 787 207 Cur.
799 156 841 208 592

166 288 212 350 pit.
239 286 274 335 At
284 285 364 344 nostri,
373 288 491 350 repentino
502 294 565 335 metu
575 286 678 350 perculsi.
690 287 731 334 edri
741 288 843 350 quisque

166 366 210 416 pro
219 353 317 399 moribus
326 353 460 400 consulunt:
478 354 516 400 ulii
526 352 611 415 sugere,
623 352 660 400 ulii
671 366 733 400 erma
743 367 839 415 cuperet

169 432 253 480 magus
263 432 315 480 pars
326 416 442 471 volnerati,
454 424 493 465 sut
503 418 579 464 occisi.
607 415 724 466 Caeterum
734 430 764 463 ex
775 418 843 464 omni

168 482 312 529 multitudine
342 497 387 529 nou
419 483 515 546 amplius
540 483 694 544 quadraginti,
725 497 844 529 memores

169 548 267 595 nominis
278 547 383 601 Romani,
394 562 466 610 grege
482 546 548 601 tuoto.
565 547 642 594 locum
657 545 744 609 cepere,
764 548 843 609 psuio,

169 627 237 674 quum
247 612 292 666 dii,
307 612 437 669 editiorem3
455 627 527 673 neque
540 613 594 658 inde
607 612 713 659 maxumi
722 613 746 659 ri
757 612 843 674 depelli

165 678 305 738 ,quiveruut;
321 678 362 723 sed
371 676 417 723 telo
427 677 515 724 eminus
525 678 595 724 misse
605 678 726 732 remittere,
738 679 806 739 puuei
818 679 843 724 in

169 742 269 806 pluribus
279 743 354 789 minus
363 741 478 788 frustrati:
497 742 532 789 sin
542 740 650 789 Numidis
660 742 751 805 propius
762 757 843 790 acces·

169 808 259 861 sissent,
279 808 309 854 ibi
320 822 374 854 vero
386 808 494 853 virtutem
505 807 631 861 ostendere.
647 814 672 854 et
681 822 722 854 eos
732 807 844 854 maxumi

169 873 193 919 vi
204 872 296 927 eredere.
308 871 489 932 suaderentque
503 871 591 934 fugare.
621 869 717 919 iuterim
729 871 845 919 Metellus

171 952 223 984 eum
242 952 358 984 acerrume
375 952 423 984 rem
438 945 535 999 gereret.
555 938 676 984 clamorem
692 937 799 983 hostilem
816 938 845 984 sb

170 1009 236 1064 tergo
258 996 434 1063 recepitt'dein,
456 1016 569 1049 convorso
588 1017 652 1062 equo,
675 1002 845 1057 animadvortit,

170 1065 248 1127 fugam
260 1067 289 1113 ud
300 1081 325 1113 se
336 1082 426 1113 vorsum
437 1065 501 1114 iieri:
520 1082 571 1128 quae
582 1082 618 1113 res
628 1067 739 1113 indicebat
748 1067 847 1128 popule·

171 1132 204 1177 ris
214 1146 273 1178 esse.
305 1129 380 1193 Igitur
387 1133 511 1192 equitatum
522 1146 612 1178 omnem
624 1132 652 1178 ud
663 1139 736 1178 cestra
746 1146 846 1194 propere

170 1196 250 1254 mittit,
261 1212 287 1244 ue
298 1198 375 1244 statim
394 1194 422 1245 C.
432 1196 533 1243 Marium
550 1211 602 1243 eum
622 1196 751 1243 cohortibus
767 1198 845 1243 socio·

73 1290 78 1303 ι
172 1277 223 1308 rum
230 1279 239 1319 ;
256 1277 353 1322 eumque
362 1262 490 1324 luerymsus
500 1277 540 1324 per
554 1262 674 1308 amicitiam
685 1274 771 1322 perque
783 1268 846 1308 remi

172 1327 283 1388 publicem
297 1328 405 1382 obsecrat,
420 1342 450 1373 ue
467 1342 535 1386 quam
550 1326 707 1374 contumelium
727 1341 847 1389 remanere

172 1391 196 1437 in
208 1393 308 1439 exercitu
319 1393 411 1447 victore,
422 1406 481 1438 neve
490 1392 562 1439 hostis
579 1391 663 1438 inuitos
681 1391 748 1445 ubire,
768 1392 844 1439 siout:

172 1455 210 1503 ille
220 1456 282 1503 brevi
291 1457 396 1504 mandute
410 1456 485 1513 efficit.
517 1455 683 1519 AtJugurthu,
701 1456 847 1504 munimento
883 1466 887 1472 ’

171 1528 297 1571 castrorum
305 1522 431 1584 impeditur,
440 1537 492 1568 cum
503 1521 540 1567 alii
552 1536 619 1584 super
626 1520 709 1569 vsilum
716 1523 848 1583 praeeipim·

172 1593 259 1644 rentur,
267 1587 303 1633 ulii
311 1588 335 1633 iu
342 1587 454 1649 augustiis
464 1587 506 1648 ipsi
515 1586 556 1633 sibi
564 1592 709 1651 properantes
719 1585 848 1641 officerent,

173 1651 251 1698 multis
262 1652 355 1707 omissis,
366 1653 390 1698 in
401 1652 451 1698 lom
459 1653 547 1699 munite
556 1667 607 1698 sese
615 1651 706 1711 recepit.
726 1649 847 1706 Meteilus,

172 1715 258 1762 iniecto
276 1717 376 1778 negotio,
391 1724 512 1779 postquam
522 1731 570 1763 nox
580 1716 661 1771 ederet,
673 1716 698 1761 iu
708 1722 847 1763 cestruuum

173 1781 278 1827 exercitu
290 1782 417 1828 revortitur.

206 1840 278 1891 LIX.
294 1844 464 1907 Igiturpostero
472 1843 514 1902 die,
521 1847 584 1910 prius
594 1860 659 1908 quum
670 1845 699 1892 sd
709 1851 849 1906 oppugnari

174 1909 227 1957 dum
238 1910 390 1972 egrederetur,
401 1913 525 1972 equitatum
545 1926 636 1959 omnem
646 1912 671 1957 in
681 1908 709 1955 ei
718 1918 789 1972 parte,
802 1909 849 1972 qud

174 1975 236 2037 regis
246 1976 357 2022 adventur
367 1984 422 2030 erut,
435 1992 476 2038 pro
488 1977 567 2024 eastris
577 1977 664 2038 agitare
670 1975 749 2038 Jubet:
768 1984 850 2036 portes

173 2047 198 2086 et
208 2039 374 2102 proxumuloee
383 2041 478 2088 tribunis
485 2041 604 2103 dispertit:
622 2040 703 2088 deiude
713 2040 762 2101 ipse
771 2040 851 2102 pergit

174 2104 203 2152 sd
214 2106 326 2169 oppidum,
338 2115 410 2167 etque,
423 2112 450 2152 ut
460 2107 575 2168 superiore
589 2106 634 2162 die,
651 2118 742 2151 murum
762 2118 850 2167 eggre-¹

175 2169 242 2217 ditur.
275 2169 369 2218 Interim
386 2170 502 2233 Jugurths
513 2186 542 2217 ex
553 2171 642 2217 occulto
653 2178 745 2231 repente
756 2177 850 2216 nostros

174 2235 267 2282 invadit.
301 2235 348 2289 Qui
366 2237 390 2282 in
409 2237 513 2298 proximo
531 2235 599 2282 locati
617 2235 714 2288 fueraut,
733 2233 851 2295 psuiisper

174 2300 246 2347 territi
256 2302 427 2363 perturbentur3
445 2300 525 2361 reliqui
536 2301 581 2347 cito
593 2299 735 2346 subveniunt.
765 2296 851 2359 Neque

175 2364 259 2412 diutius
281 2364 388 2412 Numidae
406 2366 511 2412 resistere
521 2364 652 2425 quivissent,
664 2364 687 2410 ni
698 2362 786 2425 pedites
796 2374 851 2410 cum

175 2431 288 2490 equitibus
308 2430 413 2492 permixti
435 2445 542 2493 maguam
565 2429 650 2476 cladem
675 2428 698 2474 in
722 2436 852 2489 congressu

173 2493 287 2542 iecereutz
311 2496 391 2556 quibus
403 2495 436 2541 iili
454 2494 515 2550 freti,
534 2510 587 2551 nou,
605 2501 631 2541 ut
650 2492 749 2554 equestri
767 2492 852 2552 proelio

175 2559 241 2614 solet,
252 2560 323 2620 sequi,
342 2560 393 2607 dein
404 2559 498 2618 eedere;
516 2561 556 2608 sed
566 2559 668 2607 advorsis
677 2558 741 2619 equis
751 2564 852 2604 eoueuri

174 2639 232 2678 rere,
258 2625 372 2687 implicare
391 2640 417 2671 uo
433 2627 564 2688 perturbere
583 2625 669 2683 eciem3
689 2623 722 2673 itu
738 2622 853 2685 expeditis

176 2690 288 2754 peditibus
298 2690 345 2741 uuis
356 2691 429 2742 hostis
438 2690 683 2756 paeuevietusdare..
760 2709 763 2715 ·
848 2694 850 2697 ’
