1800 2942
250 188 390 249 JUSTINI
406 188 532 240 LleI.
547 190 609 242 Csr.
617 195 641 244 ¹1.
729 197 780 244 245
829 204 832 213 ’

106 323 245 384 laudemque
259 329 361 386 paterne
376 321 464 369 militiae
481 323 613 386 objectabat.
654 321 780 386 Postquam

108 390 206 438 satiatus
222 389 284 435 caede
303 389 392 444 animos
411 388 549 450 conquievit,
568 397 592 434 et
609 389 633 435 in
648 389 690 435 ires
705 389 781 437 locum

109 454 223 504 messit
244 453 370 508 aestimatio,
387 453 456 499 modo
478 468 597 516 personam
616 454 691 509 occisi,
713 455 782 502 modo

109 534 204 569 unum
220 518 337 565 occidendi
354 518 507 574 considerans,
529 520 607 581 pigere
627 519 682 566 sacti
698 520 780 582 coepits

111 586 195 648 quippe
210 591 315 646 paternas
330 583 408 630 leudes
424 590 471 630 tarn
488 584 594 630 iracunde
615 586 729 648 accepisse
750 596 784 639 se,

110 665 181 712 quarn
199 664 242 695 nec
258 648 361 695 convicia
371 648 498 706 debuisset;
516 649 657 711 amicumque
671 664 749 697 senem
760 659 785 697 et

110 714 232 763 innoxium
244 729 258 760 a
268 729 293 760 se
303 714 402 761 occisum
414 714 473 761 inter
483 714 561 776 epulas
576 722 600 762 et
615 716 702 777 pocula,
719 716 782 762 dole·

111 782 159 828 bat.
192 778 281 826 Eodem
292 779 362 840 igitur
371 778 447 825 furore
457 781 481 826 in
492 779 655 841 paenitentiam,
675 796 719 842 quo
736 781 784 842 pri·

112 843 202 894 demin
214 845 269 890 iram
281 859 367 898 vesus
383 845 440 890 mori
457 844 536 892 voluit.
568 843 671 892 Primum
682 846 705 891 in
717 844 785 893 fletus

100 924 255 974 progressus,
273 909 379 975 amplecti
395 917 517 964 mortuum,
537 910 630 957 vulnera
640 917 744 965 uastare,
762 917 786 958 et

112 975 178 1038 qussi
189 974 288 1022 audienti
299 972 400 1021 confiteri
414 975 565 1031 dementiam
583 983 696 1037 arreptum
713 975 784 1022 telum

112 1043 138 1089 in
151 1055 176 1087 se
186 1040 269 1087 vertit:
288 1039 456 1102 peregissetque
470 1038 565 1095 facinus,
584 1040 627 1086 nisi
638 1041 704 1088 amici
715 1041 786 1088 inter·

113 1105 239 1154 venissent.
278 1104 367 1151 Mansit
386 1106 435 1152 haec
457 1104 563 1152 voluntas
584 1105 694 1152 moriendi
717 1107 786 1153 etism

113 1169 260 1233 sequentibus
281 1170 366 1217 diebus.
397 1169 534 1215 Accesserat
555 1169 615 1215 enim
637 1170 786 1231 poenltentias,

114 1235 211 1283 nutricis
222 1249 277 1290 suae,
289 1233 372 1282 sororis
384 1230 446 1288 Cliti,
462 1233 594 1287 recordatio,
612 1236 677 1296 cujiu
687 1235 786 1282 absentis

114 1315 170 1350 eum
180 1300 279 1347 maxime
289 1300 401 1363 pudebat:
420 1307 467 1345 tam
484 1297 569 1346 soedam
585 1298 617 1344 illi
629 1299 786 1346 alimentorum

114 1380 210 1415 suorum
226 1365 352 1412 mercedem
370 1364 486 1418 redditam,
503 1370 535 1418 ut,
559 1364 583 1410 in
603 1366 667 1427 cujus
683 1365 787 1412 manibus

114 1431 235 1495 prreritiam
243 1437 330 1492 egerat,
340 1430 392 1477 huic
398 1430 492 1492 juvenis
500 1436 523 1476 et
530 1430 610 1484 victor,
617 1445 659 1492 pro
666 1428 788 1486 beneficiis,

115 1497 198 1544 unes
214 1495 345 1542 remitteret.
377 1494 508 1558 Reputabat
529 1494 616 1549 duride,
638 1495 789 1554 quantumin

117 1561 221 1610 exercitu
232 1567 405 1622 suo„quantum
420 1560 480 1622 apud
496 1560 595 1607 devictas
611 1568 692 1622 gentes
702 1558 789 1607 sabula·

116 1641 170 1674 rum
194 1633 261 1686 atque
275 1626 374 1679 invidiae,
392 1633 502 1687 quantum
518 1625 577 1687 apud
593 1632 688 1672 caeteros
704 1626 789 1673 amicos

117 1697 205 1739 metum
217 1698 241 1737 et
251 1690 326 1737 odium
338 1691 373 1737 sui
383 1689 477 1737 iecerit:
496 1705 564 1751 quam
578 1705 678 1737 amarum
690 1698 714 1737 et
724 1691 789 1738 triste

117 1755 240 1804 reddiderit
255 1756 385 1802 convivium
401 1770 482 1813 suum3
505 1769 552 1803 non
574 1763 672 1803 armatus
688 1756 712 1803 in
734 1758 790 1811 acie,

118 1836 187 1884 quarn
208 1823 232 1867 in
254 1821 361 1868 convivio
377 1820 502 1869 terribilior,
535 1818 602 1868 Tunc
625 1819 747 1869 Parmenio
765 1827 790 1868 et

120 1885 231 1946 Philotos,
247 1894 302 1934 tunc
318 1886 434 1946 Amyntas
450 1886 604 1942 consobrinus,
620 1895 675 1934 tunc
692 1901 791 1934 noverca

119 1951 246 2013 fratresque
272 1951 385 1998 interfecti
394 1968 401 2009 ;
428 1959 483 1999 tunc
506 1952 605 2007 Attalus,
637 1951 789 2012 Eurylochus,

121 2016 253 2071 Pausanias,
274 2017 355 2078 aliique
377 2015 521 2064 Macedoniae
545 2017 650 2064 exstincti
672 2016 791 2078 principes,

120 2082 278 2129 occurrebant.
309 2081 345 2129 Ob
356 2082 406 2128 haec
416 2082 449 2128 illi
461 2082 579 2144 quatriduo
596 2088 739 2142 perseverate
754 2081 791 2126 in-

120 2147 175 2195 edia
184 2152 227 2202 est,
244 2146 316 2193 donec
332 2146 445 2197 exercitlls
462 2147 560 2194 universi
570 2145 674 2209 precibus
684 2152 791 2194 exoratus

120 2219 164 2266 est,
174 2212 293 2274 precantis,
306 2226 335 2257 ne
345 2212 377 2258 ita
388 2219 486 2258 mortem
495 2212 561 2258 unius
569 2210 650 2265 doleat,
662 2217 688 2256 ut
698 2211 791 2259 univer·

119 2291 162 2324 sos
180 2275 265 2339 perdet,
287 2291 344 2338 qnos
365 2277 389 2323 in
412 2277 515 2324 rdtimam
532 2275 642 2322 deductos
660 2276 793 2332 barbariam,

121 2343 183 2388 inter
204 2340 298 2388 infestas
320 2347 344 2388 et
365 2342 463 2389 irritatas
484 2341 544 2388 bello
565 2349 653 2403 gentes,
676 2341 791 2389 destituat.

121 2405 227 2454 Multum
257 2404 362 2468 proluere
385 2404 531 2455 Callisthenis
558 2407 690 2469 philosophi
707 2420 793 2470 preces,

122 2472 301 2535 condiscipulatu
311 2471 370 2535 apud
379 2471 519 2519 Aristotelen
527 2471 642 2521 familiaris
652 2471 691 2528 illi,
703 2478 728 2519 et
738 2479 793 2518 tunc

123 2537 152 2584 uh
161 2537 211 2600 ipso
222 2552 278 2600 rege
287 2538 316 2584 nd
325 2537 440 2598 prodenda
454 2537 570 2585 memorie
581 2544 631 2585 ncta
641 2537 690 2600 ejus
701 2536 793 2583 accitus.

122 2601 244 2649 Revocmo
254 2602 325 2664 igitur
334 2602 363 2650 ad
370 2601 429 2650 bella
438 2602 522 2659 animo,
535 2600 674 2651 chorasmos
681 2607 705 2647 et
713 2599 794 2648 Dahas

123 2667 148 2713 in
160 2666 296 2714 deditionem
306 2666 400 2729 accepit.
789 2668 792 2673 ’

157 2728 217 2781 vn.
234 2729 333 2789 Deinde,
349 2730 410 2796 qnod
423 2731 448 2780 in
467 2730 548 2796 primo,
564 2743 595 2778 ex
613 2726 707 2777 Persico
718 2740 795 2790 super·

523 2798 567 2841 18
