1800 2942
159 199 209 245 328
287 195 424 247 JUSTINI
439 196 493 246 Lu.
504 196 587 246 XXV.
604 195 664 248 Car.
674 201 700 245 8.

161 328 266 376 militaris
276 327 422 376 intermisisse
426 344 435 385 ς
452 342 545 391 prorsus
555 328 619 388 quasi
628 326 682 374 ferri
690 325 836 376 suxilionon

162 393 186 441 in
202 393 208 406 “
279 393 412 455 nquoniam
423 393 633 440 abundarentsuro.

196 455 231 504 1.
249 456 303 506 Hac
319 458 427 518 relatione
448 457 520 504 avide
539 457 614 517 gentis
635 456 704 503 animi
726 457 785 504 satis
804 457 836 504 ad

162 522 262 586 predam
279 523 433 570 incitabantur.
466 521 595 569 Accedebat
612 528 688 568 tamen
707 530 731 568 et
751 535 835 568 uem-

161 587 224 650 plum
235 585 319 650 Belgii,
336 587 383 648 qui,
400 601 447 633 nou
457 601 542 649 magno
552 595 605 633 aute
619 593 728 647 tempore,
747 586 833 632 Mace-

163 652 247 700 domm
267 652 391 699 exercitum
406 666 458 698 cum
475 666 529 712 rege
549 650 706 698 trucidaverat.
737 647 832 712 Itaque,

162 717 354 764 consentientibus
369 717 479 771 omnibus,
496 721 649 763 noctecaatra
664 714 726 776 regis
744 730 833 777 aggre-

163 780 271 838 diuntur3
287 781 334 842 qui,
345 781 493 841 presentiens
503 786 588 826 taamm
599 786 768 840 tempestatem,
784 781 832 840 sig-

163 859 219 892 num
235 844 306 906 pridie
324 845 430 900 dederat·
440 852 475 902 ut,
496 845 599 892 omnibus
617 844 683 891 rebus
700 844 791 898 sblat'u,
808 845 833 889 in

162 906 266 972 proxiuid
284 907 341 956 silvi
359 909 421 956 taciti
440 926 465 956 se
482 910 640 956 occultarent'
659 907 743 969 Neque
766 909 833 975 aliter

162 981 251 1021 semu
263 980 344 1030 castra,
361 988 428 1034 quam
444 975 506 1036 quod
523 975 610 1021 deserta
628 980 693 1020 suut:
718 972 831 1034 siquidem

164 1037 233 1091 Galli,
257 1038 294 1084 ubi
315 1039 392 1085 omnia
411 1040 520 1092 vacantia,
542 1053 584 1084 uec
603 1038 653 1084 sine
674 1037 831 1084 defensoribus

163 1102 240 1156 modo,
251 1117 333 1159 rerum
343 1103 410 1150 etiam
422 1104 472 1149 sine
482 1103 619 1157 custodibus,
636 1102 721 1156 vident,
732 1117 784 1149 non
793 1102 830 1148 iu-

162 1181 218 1230 gsm
237 1164 343 1225 hostium,
366 1168 405 1214 sed
426 1168 503 1214 dolum
524 1168 663 1222 arbitrantes,
676 1167 723 1213 diu
744 1167 831 1214 intrare

161 1239 240 1296 portas
254 1233 384 1279 timuerunt.
416 1231 454 1279 rid
472 1240 617 1294 postremum,
636 1233 732 1293 integris
750 1240 778 1278 et
793 1233 829 1278 iu·

161 1298 228 1345 tactis
235 1297 387 1351 munimentis,
397 1304 523 1344 scrutantes
532 1298 682 1359 potiusquam
689 1297 829 1357 diripientes,

161 1369 237 1409 castra
247 1368 420 1424 occupaverunt.
450 1361 525 1415 Tunc,
538 1362 616 1408 ablatis
624 1376 675 1423 quse
685 1362 829 1415 invenerant,

159 1426 193 1473 ad
206 1426 259 1473 litus
270 1434 439 1473 convertuntur.
470 1424 504 1472 lbi
519 1426 572 1473 dum
588 1440 657 1473 naves
670 1426 785 1475 incautius
796 1426 829 1473 di·

163 1491 254 1554 ripiunt,
271 1504 285 1537 a
299 1491 428 1554 remigibus,
445 1497 470 1536 et
483 1492 511 1537 ab
521 1491 634 1537 exercitiis
645 1497 718 1553 parte,
734 1506 788 1550 quae
802 1507 829 1538 eo

161 1571 216 1603 cum
227 1556 361 1619 conjugibus
371 1564 394 1603 et
405 1556 479 1602 liberis
490 1555 645 1617 confugerant,
656 1555 712 1601 nihil
722 1555 769 1602 tale
780 1571 828 1602 me·

160 1627 252 1668 tuentes
269 1621 420 1667 trucidantur:
439 1626 546 1681 tantaque
561 1620 635 1667 credes
646 1619 766 1667 Gallorum
776 1619 828 1675 fuit,

163 1693 190 1730 ut
206 1685 325 1746 Antigono
343 1700 420 1748 pacem
440 1685 517 1746 opinio
535 1686 601 1748 hujus
620 1684 729 1739 victorie,
748 1699 798 1732 non
817 1700 830 1731 a

164 1749 239 1795 Gallis
252 1756 347 1804 tantinu,
364 1765 443 1797 rerum
460 1750 527 1797 etlam
544 1755 565 1796 a‘
571 1748 719 1796 finitimorum
730 1748 828 1803 feritate,

161 1812 297 1875 praestiterit.
337 1813 481 1876 Quamquam
504 1813 622 1862 Gallorum
645 1811 674 1860 eis
694 1821 829 1876 tempestate

162 1882 239 1925 tantae
249 1876 392 1925 fecunditatis
403 1880 513 1941 jurentur
530 1878 579 1931 suit,
597 1891 623 1924 ut
640 1877 720 1925 Asiam
736 1893 829 1925 omnem

160 1943 224 1990 velut
245 1943 349 1989 examine
370 1942 445 2004 aliquo
466 1944 591 2007 implerent.
624 1941 733 2003 Denique
754 1958 829 2004 neque

162 2022 228 2071 reges
244 2006 352 2061 Orientis,
370 2008 419 2055 sine
434 2009 573 2055 mercenario
584 2007 703 2054 Gallorum
720 2009 828 2063 exercitu,

155 2073 206 2120 ulla
221 2073 280 2120 bella
295 2078 430 2136 gesseruut3
448 2088 528 2133 neque,
544 2073 602 2135 pulsi
620 2087 698 2134 regno,
717 2072 746 2119 ad
762 2073 827 2126 alios,

159 2150 228 2199 quam
242 2138 270 2184 ad
284 2137 371 2192 Gallos,
388 2137 547 2198 confugerunt.
579 2135 669 2183 Tantus
683 2144 757 2183 terror
767 2138 828 2185 'Gal-

159 2202 197 2248 lici
214 2202 318 2256 nominis,
338 2209 362 2249 et
377 2215 490 2247 armorum
505 2203 593 2248 invicta
609 2201 706 2247 felicitas
726 2210 781 2256 erat,
802 2208 828 2248 ut

158 2265 225 2311 aliter
234 2272 307 2324 ne'que
316 2267 456 2326 mejestatem
468 2279 532 2311 suam
542 2265 616 2318 tutari,
635 2280 708 2326 neque
719 2267 825 2313 amissam

150 2467 255 2529 regnum
269 2469 321 2500 cum
337 2470 365 2503 eo
379 2453 443 2518 perti
462 2456 558 2503 victorii
573 2458 711 2514 diviserunt5
730 2473 826 2520 eamque

158 2518 719 2645 iiiiiifflttlffltziits
730 2586 756 2633 n
769 2586 825 2634 sn

147 2643 187 2698 tit
197 2644 298 2709 Pyrtbus
312 2646 420 2698 s=Pcenia
432 2650 506 2699 navali
520 2651 602 2716 proelio
614 2651 697 2708 rictus,
714 2652 745 2700 ab
755 2650 825 2701 Anti·
