1800 2942
228 158 365 240 Jus'rrur
381 187 477 239 nuru
494 189 604 242 ornus.
702 192 748 239 ns

78 320 149 384 gatis,
162 321 233 368 ituros
249 319 421 376 Lacedaemona,
439 322 477 381 qui
488 322 517 368 de
527 320 555 369 ei
569 321 749 383 reperitercum

79 387 126 434 iilia
149 385 276 433 maculant.
318 386 356 434 sic
378 387 489 434 dimissis·
503 386 625 449 Spartanis,
645 388 748 432 hortatur

80 466 142 505 suos,
155 466 213 512 opus
222 458 342 498 maturent.
374 450 438 498 Dein
457 452 505 514 ipse
520 452 638 512 interjecto
649 458 750 512 tempore

78 518 104 563 in
114 516 253 578 legationem
271 514 434 578 proficiscitur5
451 524 476 563 et
485 531 546 563 nunc
556 517 580 563 in
590 516 671 563 itinere
686 513 748 562 infir·

79 581 162 628 mirate
180 579 290 635 simulrnd,
308 593 369 628 nunc
387 581 514 628 tarditatem
528 581 666 644 collegarum
682 595 750 632 accu-

80 661 140 699 sans,
154 646 293 707 sinequihus
311 646 350 708 agi
364 647 416 708 jure
434 647 491 693 nihil
509 647 586 709 possit,
603 647 663 693 diem
674 646 703 692 de
713 645 749 693 die

78 709 222 774 proferendo,
241 712 337 773 spatium
353 711 530 759 consummando
548 712 609 773 operi
620 712 748 772 quaerebatz

79 791 133 823 cum
143 776 234 822 interim
243 776 359 824 nuntiatur
370 776 491 838 Spartanis,
502 791 559 838 opus
575 776 750 824 Atheniensium

79 841 205 898 maturari;
222 848 312 902 propter
322 840 382 902 quod
392 841 467 888 denuo
474 841 563 904 legatos
572 841 665 888 mittunt
675 842 704 889 ad
714 842 750 889 in-

79 904 218 967 spiciendam
236 919 291 953 rem.
330 904 392 953 Tum
414 905 579 954 Themistocles
598 921 637 967 per
658 922 750 954 servum

79 970 250 1033 magistratibus
260 970 336 1017 scribit
346 969 527 1027 Atheniensium,
544 971 633 1035 legatos
643 973 749 1029 vinciant,

79 1035 210 1098 pignusque
235 1040 335 1091 teneant,
357 1051 387 1083 ne
407 1037 431 1082 in
454 1052 479 1083 se
497 1037 590 1098 gravius
612 1036 750 1086 consulatur.

80 1100 147 1147 Adiit
156 1098 238 1146 deinde
256 1101 388 1148 concionem
407 1099 648 1158 Lacedaemoniorum
666 1102 750 1151 indicat

79 1164 219 1227 permunitas
239 1165 343 1212 Athenas
358 1181 415 1220 esse,
424 1151 450 1213 'et
460 1181 527 1227 posse
540 1167 589 1226 jam
605 1165 692 1213 illatum
703 1167 750 1213 bel-

80 1230 135 1284 lum,
148 1244 195 1275 non
205 1231 273 1277 armis
283 1238 378 1285 tantum,
394 1230 434 1277 sed
447 1231 515 1276 etiarn
527 1229 603 1283 muris,
621 1231 747 1279 sustinere:

80 1295 100 1341 si
110 1293 166 1357 quid
176 1295 206 1340 ob
215 1309 264 1340 eam
272 1310 319 1341 rem
331 1296 359 1341 de
367 1310 392 1341 se
399 1295 511 1341 crudelius
519 1301 651 1351 statuerent,
661 1295 750 1357 legatos

80 1374 160 1406 eorum
180 1358 203 1405 in
226 1359 269 1406 hoc
284 1360 368 1422 pignus
387 1360 485 1407 Athenis
504 1366 610 1407 retentos.
643 1360 750 1408 Graviter

80 1424 162 1471 deinde
173 1424 269 1485 castigat
288 1440 333 1480 eos,
350 1425 409 1487 quod
420 1439 467 1471 non
478 1425 567 1480 virtute,
584 1424 623 1471 sed
633 1424 750 1472 imbecilli-

80 1497 127 1537 tate
138 1490 258 1543 sooiorum,
275 1492 399 1551 potentiam
418 1498 553 1551 quaererent.
586 1489 625 1536 Sic
635 1489 747 1545 dimissus,

79 1554 151 1601 veluti
170 1554 312 1615 triumphatis
343 1554 465 1617 Spartanis,
485 1569 499 1601 a
520 1554 605 1601 civibus
631 1554 750 1616 excipitur.

80 1618 139 1667 Post
150 1619 200 1665 haec
212 1617 321 1681 Spartani,
334 1635 363 1667 ne
374 1620 433 1667 vires
445 1620 492 1667 otio
502 1626 677 1681 corrumperent,
689 1627 712 1667 et
723 1628 749 1668 ut
787 1619 792 1630 '

79 1685 114 1731 bis
133 1683 221 1730 illatum
236 1698 252 1730 a
267 1683 343 1732 Persis
363 1685 462 1733 Graeciae
477 1684 560 1732 beilum
582 1684 749 1742 ulciscerentur,
794 1691 797 1695 ’

80 1749 140 1797 ultro
151 1746 209 1795 lines
228 1763 306 1795 eorum
317 1749 489 1811 depopulantur.
521 1749 611 1797 Ducem
623 1765 664 1797 suo
675 1752 749 1798 socio-

79 1828 177 1875 rumque
184 1814 292 1860 exercitui
300 1814 402 1876 deligunt
411 1814 552 1871 Pausaniam,
561 1815 606 1877 qui,
611 1831 652 1878 pro
660 1815 750 1872 ducatu,

78 1893 177 1942 regnum
191 1877 288 1925 Graeciae
299 1878 412 1933 affectans,
424 1880 556 1943 proditionis
566 1882 685 1943 praemium
697 1896 750 1928 cum

79 1942 168 1999 Xerxe,
181 1943 270 2005 nuptias
279 1943 333 1991 liliae
344 1945 392 2007 ejus
403 1946 529 2006 paciscitur,
546 1946 637 1993 redditis
647 1946 750 2007 captivis,

79 2016 106 2056 ut
115 2008 172 2056 fides
184 2008 244 2071 regis
254 2009 328 2070 aliquo
347 2009 454 2057 beneficio
469 2011 653 2073 obstringeretur.
687 2009 750 2056 Scri·

77 2074 112 2121 bit
123 2079 234 2136 praeterea
245 2072 325 2128 Xerxi,
337 2090 490 2136 quoscumque
500 2077 528 2123 ad
540 2091 565 2122 se
575 2075 666 2122 nuntios
676 2074 751 2121 misis-

79 2145 121 2194 set,
133 2136 285 2195 interficeret3
302 2154 332 2186 ne
351 2155 387 2187 res
397 2139 531 2201 loquacitate
541 2140 658 2186 hominum
668 2139 750 2200 prode·

78 2212 148 2251 retur.
174 2202 221 2250 Sed
230 2203 277 2249 dux
288 2202 462 2252 Atheniensium
474 2204 593 2258 Aristides,
604 2203 656 2251 belli
668 2204 750 2260 socius,

78 2269 176 2331 collegae
195 2268 311 2315 conatibus
330 2269 418 2316 obviam
437 2270 519 2325 eundo,
537 2269 643 2316 simulet
661 2269 685 2320 in
702 2285 750 2317 rem

79 2333 357 2444 §pienterlconsuletndu
377 2334 509 2444 proditiorIns
528 2333 751 2445 ⁰⁰¹i⁸ffi¹dffi⁰⁰⁸³³¹⁴

106 2413 133 2444 ec
154 2407 228 2444 muto
254 2413 296 2460 pos
333 2408 451 2446 accusatus
495 2413 597 2446 ausanius
676 2407 751 2447 natur.

77 2460 156 2525 Igitur
176 2462 274 2516 Xerxes,
294 2478 346 2510 cum
364 2463 496 2525 proditionis
515 2464 590 2510 dolum
613 2463 749 2527 publicatum

78 2528 173 2583 videret,
185 2541 215 2573 ex
226 2527 315 2589 integro
334 2528 416 2575 bellum
435 2528 539 2576 instituit
573 2528 650 2577 Graeci
661 2543 751 2588 quoque

79 2593 161 2640 ducem
189 2593 330 2640 constituunt
357 2591 455 2641 Cimona
482 2593 651 2645 Atheniensem,
679 2589 750 2637 hlium

78 2656 200 2712 Miltiadis,
209 2673 255 2718 quo
266 2659 323 2705 duce
331 2658 388 2720 apud
400 2657 561 2706 Marathonem
569 2663 693 2720 pugnatum
705 2662 748 2711 est,

73 2723 193 2787 juvenem,
206 2723 270 2787 cujus
280 2723 459 2789 magnitudinem
474 2723 572 2773 futuram
583 2720 673 2786 pietatis
680 2718 749 2767 docu-
