1800 2942
222 156 369 234 Jusmti
379 159 433 207 Lm„
441 158 532 208 xxlt.
546 158 639 210 Cras·
715 168 766 215 807

90 289 142 345 fuit,
159 289 221 349 quod
239 290 302 343 socii,
321 291 380 350 copti
400 291 505 351 tortique,
522 290 551 337 de
564 290 603 337 illo
614 301 763 352 negavemnt.

88 355 135 403 Bis
148 369 259 415 occupare
273 355 390 416 imperium
407 356 571 416 Syracusarum
585 354 676 402 voluit:
692 357 761 406 bisin

89 419 196 466 exsilium
208 429 272 465 actus
283 427 325 465 est.
717 440 719 444 ·

122 482 159 529 11.
175 484 198 529 A
210 483 375 546 Murgantinis,
386 485 445 546 apud
457 500 514 545 quos
522 484 645 541 exsulabat,
653 485 706 532 odio
713 485 760 547 Sy·

88 564 257 601 racusanorum,
269 550 341 610 primo
351 558 441 611 praetor,
453 565 508 597 mox
519 551 568 596 dux
576 556 672 597 creatur.
692 548 722 598 In
731 567 760 599 eo

83 614 149 661 bello
167 621 191 660 et
208 615 284 659 urbem
296 613 462 661 Leontinorum
474 617 541 677 capit,
553 624 576 661 et
587 615 681 678 patriam
693 631 758 664 suam

88 679 214 740 Syracusas
223 679 324 726 obsidere
332 680 416 742 coepit:
436 680 465 726 ad
475 682 539 743 cujus
549 681 656 726 auxilium
665 679 758 728 Hamil·

85 759 135 796 car,
153 743 199 789 dux
212 742 343 796 Poenorum,
361 746 501 807 imploratus,
516 745 630 808 depositis*
639 746 759 795 hostilibus

85 809 152 862 odiis,
173 809 278 868 praesidia
293 811 388 856 militum
408 811 485 856 mittit.
512 809 555 857 ita
572 826 618 858 uno
634 810 758 874 eodemque
847 862 850 869 ,

84 881 190 934 tenpore
207 873 325 933 Syracusae
336 884 359 922 et
370 876 398 922 ab
411 877 476 922 hoste
487 876 547 923 civili
563 891 640 923 amore
650 876 757 933 defensae,

84 946 111 985 et
122 953 136 984 a
146 939 197 984 cive
207 939 281 985 hostili
293 940 345 986 odio
356 941 494 1003 impugnatae
507 950 567 988 sunt.
593 941 639 988 Sed
649 941 756 1003 Agatho·

84 1003 141 1056 cles,
154 1019 204 1049 cum
216 1003 303 1050 videret
310 1003 390 1052 fortius
398 1005 486 1051 defendi
499 1007 575 1053 urbem
587 1021 654 1067 quam
666 1020 754 1069 oppug-

82 1069 142 1121 nari,
162 1069 264 1129 precibus
278 1070 487 1130 perintemuotios
504 1069 659 1117 Hamilcarem
670 1079 756 1127 exorat,

83 1141 112 1181 ut
122 1133 181 1179 inter
192 1148 216 1179 se
225 1144 248 1179 et
257 1133 410 1194 Syracusanos
417 1137 480 1195 pacis
490 1136 579 1180 arbitria
590 1136 702 1196 suscipiat,
713 1152 755 1198 pe·

83 1198 178 1245 culiaria
189 1198 211 1243 in
224 1199 296 1258 ipsum
308 1199 382 1245 officia
394 1214 434 1245 sua
445 1200 610 1261 repromittens.
644 1198 699 1252 Qua
714 1216 754 1263 spe

81 1264 192 1324 impletus
212 1262 336 1318 Hamilcar,
358 1265 488 1310 societatem
507 1279 558 1310 cum
577 1279 611 1317 eo,
630 1271 693 1310 metu
712 1275 754 1327 po·

81 1328 163 1375 tentiae
179 1329 233 1390 ejus,
252 1329 343 1390 jungit;
360 1337 386 1376 ut
404 1335 512 1390 quantum
532 1329 613 1376 virium
631 1329 755 1390 Agathocli

81 1393 194 1440 aduersus
206 1393 360 1452 Syracusanos
371 1395 474 1450 dedisset,
486 1402 574 1440 tantum
585 1394 634 1456 ipse
644 1394 753 1441 adincre-

78 1465 162 1505 menta
173 1459 303 1505 domesticae
317 1460 425 1520 potentiae
440 1466 588 1521 recuperaret.
621 1456 696 1520 Igitur
707 1472 753 1506 nou

81 1538 129 1586 pax
142 1531 229 1569 tantum
243 1525 364 1583 Agathocli
375 1524 513 1578 conciliatur,
524 1539 603 1571 verum
614 1524 681 1570 etiam
692 1539 752 1585 prae·
802 1538 805 1545 “

81 1596 122 1635 tor
134 1588 252 1648 Syracusis
263 1590 413 1636 constituitur.
438 1587 505 1636 Tunc
517 1588 650 1641 Hamilcari,
661 1589 752 1651 exposi-

81 1653 114 1700 tis
124 1653 215 1714 ignibus
227 1653 317 1701 Cereris
328 1655 445 1715 tactisque,
464 1655 488 1700 in
505 1654 611 1714 obsequia
627 1652 752 1701 Poenorum

74 1720 149 1782 jurat
174 1717 271 1772 Deinde,
283 1720 380 1781 acceptis
390 1720 417 1766 ab
428 1734 456 1766 eo
464 1720 563 1781 quinque
573 1717 751 1767 millibusittro-

80 1794 141 1836 rum,
151 1784 319 1844 potentissimos
331 1799 432 1845 quosque
440 1799 470 1830 ex
479 1784 617 1846 principibus
627 1783 732 1832 interficit
742 1801 749 1831 s

79 1856 152 1908 atque
162 1849 205 1903 ita,¹
213 1848 281 1894 veluti
292 1850 419 1911 reipublicae
430 1856 513 1896 statum
525 1850 666 1905 formaturus,
677 1865 750 1912 popu·

14 1946 19 1955 .
77 1914 129 1960 lum
141 1914 164 1958 in
175 1914 287 1961 theatrum
298 1915 327 1960 ad
337 1915 468 1962 concionem
480 1916 555 1962 vocari
561 1915 633 1977 jubet,
646 1921 749 1962 conmac-

77 1985 106 2025 to
117 1977 141 2023 in
151 1979 296 2039 gymnasium
305 1987 391 2033 senatu,
402 1981 466 2040 quasi
477 1981 579 2040 quaedam
590 1981 653 2041 prius
661 1978 751 2025 ordina-

76 2050 154 2090 turus.
187 2042 225 2089 Sic
236 2045 365 2104 compositis
376 2046 448 2099 rebus,
468 2045 574 2092 immissis
589 2043 698 2090 militibus
707 2057 750 2103 pe·

75 2107 159 2171 pulum
171 2108 264 2160 obsidet,
275 2117 375 2155 senatum
385 2110 494 2156 trucidat:
509 2111 573 2172 cujus
581 2103 672 2168 peracti
679 2102 749 2163 caede,

75 2186 109 2221 ex
131 2172 195 2234 plebe
215 2188 304 2234 quoque
324 2174 512 2236 locupletissimos
539 2180 563 2219 et
584 2171 751 2233 promtissimus

72 2237 193 2287 interficit.

110 2301 159 2349 111.
179 2302 225 2348 His
242 2303 273 2349 ita
289 2305 367 2366 gestis,
386 2305 480 2351 militem
492 2304 557 2366 legit,
579 2301 750 2364 exercitumque

74 2368 214 2425 conscribit3
232 2384 276 2428 quo
291 2370 422 2423 instructus,
438 2368 545 2416 finitimas
562 2367 673 2423 civitates,
691 2367 749 2415 nihil

74 2433 161 2481 hostile
172 2441 304 2487 metuentes,
317 2450 346 2481 ex
357 2435 480 2496 improviso
488 2432 626 2496 aggreditur.
659 2432 748 2480 Poeno-

74 2512 128 2545 rum
147 2513 236 2558 quoque
256 2501 336 2553 socios,
358 2500 503 2561 permittente
525 2496 666 2555 Hamilcare,
685 2495 747 2543 foede
824 2531 834 2543 ,

72 2568 162 2610 vexat:
180 2570 272 2625 propter
282 2565 342 2624 quod
352 2565 455 2626 querelas
463 2562 624 2626 Carthaginem
636 2562 691 2609 socii
699 2573 747 2605 non

73 2635 125 2675 tam
136 2625 165 2672 de
175 2625 310 2690 Agathocle,
327 2644 394 2690 quam
406 2630 434 2676 de
445 2627 584 2682 Hamilcare,
600 2625 745 2677 detuleruntt

73 2692 138 2745 hunc
149 2696 177 2740 ut
186 2691 303 2759 domiuum
313 2701 337 2744 et
347 2700 477 2756 tyrannico,
497 2693 561 2743 illum
573 2697 599 2739 ut
608 2688 748 2752 pmdito'rem
