1800 2942
207 167 344 224 rusTINI
362 167 633 221 marturiense.
708 176 754 219 tlt

91 296 202 351 Fortuna,
216 299 301 361 origini
311 297 424 346 Romanae
439 301 585 362 prospiciens,
602 311 684 361 pueros
699 300 760 362 iupus

88 363 183 412 alendos
193 363 287 421 obtulit;
305 378 363 423 quae,
376 364 465 411 arnissis
478 364 564 420 catulis,
578 366 677 413 distenta
688 366 759 413 ubera

89 428 207 478 oxirrauire
227 428 325 490 cupiens.
350 428 459 475 nutricem
480 445 505 475 se
520 429 641 477 issmubns
655 430 759 492 praebuit

90 489 153 541 Cum
167 493 251 554 aaepius
265 493 293 539 ad
309 493 421 554 parrulos,
438 493 508 541 veluti
524 495 553 540 ud
569 495 662 548 catulos,
680 509 758 541 neven·

88 563 184 615 teretur,
206 572 253 604 rem
271 556 394 606 Faustulus
416 566 494 620 pastor
516 559 681 614 animadvertit,
704 559 757 606 aub-

89 627 224 684 tractosque
234 622 289 669 ferae
304 623 363 670 inter
378 638 463 686 greges
478 639 584 685 pecorum
604 624 698 686 agresti⁴
708 620 759 672 virt

90 687 194 738 nutrivit.
226 687 325 735 Martios
340 703 421 749 pueros
436 688 514 742 fuisse,
532 690 580 735 sive
595 689 656 750 quod
672 690 695 735 in
706 688 759 736 luoo

90 749 176 799 Martis
190 752 252 799 enixi
269 758 329 807 sunt,
346 754 394 800 aive
409 754 470 814 quod
481 770 494 800 a
505 752 564 815 lupi.
580 768 632 815 qure
647 754 671 799 in
687 750 760 800 tuteli

90 814 177 866 Martis
190 823 233 871 est,
248 818 334 872 nutriti,
350 818 413 865 velut
422 817 548 866 manifestis
558 818 698 881 argumentis
708 832 759 866 ora·

90 881 173 929 ditum.
203 880 305 928 Nomina
314 884 396 943 pueris,
408 883 472 931 alteri
483 882 565 939 Remo,
581 883 646 931 alteri
656 882 760 930 Romulo

3 943 4 956 ¹
89 942 164 994 tuere
193 945 286 993 Adultis
301 947 360 994 inter
376 957 485 1009 pastores,
497 949 526 995 de
535 951 619 996 virtrue
629 947 760 1010 quotidiana

3 1067 4 1070 Ἴ
90 1010 253 1059 oortamiuaet
270 1012 369 1059 vireret
386 1014 542 1074 pernicitatem
560 1012 651 1061 aurire.
677 1011 760 1075 *igitir

3 1091 25 1142 ‚·
92 1088 146 1126 oum
156 1074 255 1123 latrones
269 1091 283 1123 a
297 1074 373 1139 rupini
382 1089 489 1138 pacorum
499 1078 609 1125 industrie
620 1077 759 1138 frequentar-

91 1154 138 1201 que
149 1140 313 1197 submoverent,
324 1140 413 1188 Remus
429 1144 457 1189 ab
473 1142 553 1188 iisdem
570 1142 693 1189 latronibus
705 1157 762 1205 cap»

3 1195 5 1286 ἰ
91 1205 221 1320 0tunsgmreluti
232 1221 284 1316 lm
295 1214 361 1317 pazt,
379 1207 438 1267 quud
455 1207 479 1283 in
496 1206 545 1254 aliia
560 1206 696 1318 prpIhibebat
711 1208 761 1283 rugi

3 1323 7 1354 t
91 1278 578 1399 fnmi'irimiimi‘iiii{¹⁶er
597 1278 762 1384 §iiiiii

3 1391 6 1420 i
93 1400 204 1448 ultionem
224 1400 324 1447 traditur.
364 1400 410 1449 Sed
426 1400 542 1457 Numitor,
559 1399 710 1449 adolescentii
721 1400 762 1462 ju·

3 1457 7 1480 ¹
92 1465 161 1514 venis
171 1471 292 1527 permotus,
308 1472 332 1512 et
348 1467 372 1512 in
390 1467 539 1528 suspicionem
558 1466 654 1529 expositi
672 1465 762 1527 nepotis

4 1529 5 1532 ’
93 1530 211 1586 adductus,
226 1545 278 1580 aum
293 1544 345 1577 oum
360 1544 422 1578 nuno
436 1530 622 1579 lineamentorum
634 1529 688 1578 filine
698 1529 762 1578 sima

91 1595 174 1650 litudo,
184 1610 246 1642 nunc
256 1602 312 1644 retas
319 1596 467 1657 expositionis
477 1596 613 1659 temporibus
624 1609 762 1658 congruens,

5 1659 6 1680 ¹
93 1660 188 1709 anxium
206 1666 316 1716 tenerent
336 1668 428 1722 repente
446 1659 570 1709 Faustulus
587 1676 641 1708 cum
658 1659 763 1708 Romulo

92 1725 241 1787 supervenit3
259 1741 332 1786 aquo
346 1725 439 1787 cogniti
454 1726 542 1788 origine
558 1740 685 1788 puerorum,
699 1722 764 1773 *iacti

92 1790 270 1852 conspiratione,
284 1797 308 1837 et
321 1789 474 1837 adolescentes
489 1792 513 1836 in
528 1791 637 1838 ultionem
654 1798 764 1838 maternae

93 1855 167 1909 necis,
187 1862 211 1902 et
229 1853 338 1902 Numitor
359 1855 524 1903 invindictam
545 1858 616 1918 erepti
635 1856 714 1918 rogni,=
725 1870 763 1903 aa·

93 1927 195 1969 martur.

130 1982 179 2032 111.
195 1982 279 2031 Occiso
296 1983 397 2040 Amulio,
420 1999 516 2047 regnum
531 1984 647 2033 Numitori
663 1983 764 2031 restitui·

9 2063 11 2122 ’χ
93 2057 142 2105 tur,
163 2054 188 2095 et
209 2049 261 2095 urbs
280 2047 384 2096 Romana
405 2049 433 2097 ab
453 2050 630 2098 adolescentibus
651 2049 764 2095 conditur.

93 2112 166 2164 Tunc
184 2120 208 2159 et
223 2120 315 2160 senatus
330 2121 421 2161 centum
436 2115 556 2169 seniorum,
570 2115 608 2175 qui
619 2114 699 2161 Patres
709 2112 765 2159 ffioti

95 2185 159 2234 sunt,
175 2178 331 2226 constituitur:
350 2184 404 2227 tuno
421 2186 444 2226 at
462 2180 542 2225 vicinis
561 2179 672 2227 connubia
686 2183 763 2240 pauo·

95 2259 149 2294 rum
161 2243 339 2305 dedignantibus,
352 2244 451 2307 virgines
463 2244 552 2292 Sabiuae
568 2244 696 2306 rapiantur3
714 2240 766 2290 lini-

95 2309 205 2370 timisque
218 2309 307 2371 populis
323 2309 391 2356 armis
403 2309 517 2371 subiectis,
533 2309 630 2370 primum
642 2307 723 2362 Italic,
742 2313 768 2355 et

95 2388 154 2424 mox
169 2374 228 2420 orbis
245 2374 362 2436 imperium
370 2374 499 2436 quaesitum.
530 2373 576 2420 Per
587 2389 613 2421 ea
624 2374 695 2422 adbuc
706 2380 765 2419 tam-

92 2453 160 2507 pora¹
180 2453 245 2501 reges
267 2439 404 2500 bastaspro
427 2439 551 2486 diademate
572 2440 688 2493 habebant
710 2450 766 2497 quas

95 2503 178 2558 Graeci
192 2512 282 2565 sceptro
299 2502 383 2551 dixire.
416 2501 478 2550 Nam
495 2511 518 2549 et
535 2504 562 2549 ab
578 2504 667 2565 origine
682 2515 765 2554 rerum.

22 2593 28 2602 ·
93 2584 139 2635 pro
150 2566 205 2616 Diis
220 2568 388 2624 immortalibus,
408 2573 497 2615 veteres
514 2568 589 2615 hastas
606 2565 711 2615 coluire:
737 2565 768 2612 ob

94 2634 164 2695 cuitu
178 2632 294 2696 religionis
304 2633 437 2681 memoriam
448 2633 520 2680 adhuc
528 2630 633 2680 Deorum
644 2630 769 2679 simulacris

94 2702 171 2750 bsatoe
190 2696 310 2748 adduntur.
348 2696 499 2760 Temporibus
515 2695 632 2759 Tarquinii
651 2696 719 2762 regis,
740 2709 771 2744 err
