1800 2942
128 101 190 175 'iso
294 121 432 175 susurru
449 121 547 172 man.
563 120 654 173 cras.

139 253 304 316 longitudinem
316 260 340 301 ct
349 253 569 315 lstitudinemopatet.
597 251 738 301 Hominibus
749 253 811 301 inter

139 334 165 366 se
175 319 230 366 nulli
241 317 312 366 fines:
327 319 468 380 nequeenim
480 333 559 380 agnum
570 324 693 375 exercent3
712 334 755 365 nec
765 319 809 366 do·
822 313 825 320 ’

139 398 190 431 mus
201 384 244 431 illis
256 384 306 438 ulle,
326 392 365 431 sut
375 389 468 438 tectum
487 389 526 429 aut
537 382 602 429 sedes
612 391 654 438 est,
669 391 773 430 amenta
786 391 812 430 ct

139 464 221 512 pecora
231 463 319 511 semper
326 448 475 510 pascentibus,
484 455 507 493 et
517 462 558 508 per
568 447 664 494 incultas
675 447 811 495 solitudines

139 529 214 561 etrure
230 513 309 560 solitis.
343 512 434 560 Uxores
444 512 570 572 liberosque
581 525 657 559 secum
668 513 691 558 in
704 513 811 573 plaustris

139 579 240 634 uehunt;
268 578 353 638 quibus,
376 577 443 624 coriis
464 577 569 623 imbrium
594 576 720 637 hiemisque
741 575 811 625 musa

139 643 211 698 tactis,
223 657 265 705 pro
276 642 377 689 domibus
389 650 489 689 utuntur.
520 640 613 689 lustitia
623 642 700 705 gentis
710 642 811 704 ingeniis

139 708 207 762 cusa,
230 721 276 754 non
297 707 392 769 legibus.
425 705 522 753 Nullum
539 706 612 753 scelus
627 706 687 767 apud
698 721 738 753 eos
748 705 811 755 fruto

140 772 246 834 gratim:
266 775 347 834 quippe
364 773 413 820 sine
425 778 486 818 tecto
497 772 682 832 munimentoque
692 786 776 833 pecora
785 779 812 820 et

141 844 243 884 armenta
254 837 313 884 inter
324 836 392 884 silvas
403 837 535 883 habentibus
546 836 601 896 quid
609 836 696 883 adsum
713 843 779 892 esset,
790 837 811 884 si

139 901 210 949 furari
221 901 318 948 liceret?
346 901 435 948 Aurum
447 908 471 948 et
479 907 599 963 argentum
610 900 705 963 perinde
716 902 811 963 sdsper·

140 973 231 1020 uantur,
242 981 268 1013 sc
279 967 359 1026 reliqui
370 967 478 1014 mortales
488 973 604 1029 appetunt.
631 963 705 1013 L'ucte
712 974 737 1013 et
744 965 813 1013 melle

138 1038 270 1079 vescuntur.
303 1028 376 1077 Innae
392 1031 420 1077 iis
436 1047 491 1079 usus
507 1046 534 1078 sc
544 1032 641 1079 vestium
653 1032 764 1094 ignotus;
779 1039 811 1087 et,

140 1095 812 1211 limittit?”itit⁰tiitlf²¹¹lzltllltit3

140 1226 186 1274 illis
203 1241 291 1275 morum
310 1242 399 1289 quoque
413 1227 526 1289 justitiam
541 1225 610 1283 dedit,
633 1226 689 1273 nibil
711 1226 811 1273 ebenum

139 1292 363 1355 concupiscentibus:
383 1293 466 1354 quippe
482 1291 564 1338 ibidem
583 1290 711 1338 divitiarum
729 1290 811 1353 cupido

141 1364 183 1413 est,
196 1357 233 1405 ubi
244 1364 346 1415 etusus;
365 1359 444 1421 (atque
463 1356 548 1403 utinum
571 1356 662 1417 reliquis
679 1356 812 1404 mortalibus

141 1422 220 1470 similis
236 1423 367 1476 moderatio,
390 1422 568 1482 abstinentiaque
584 1421 649 1468 alieni
664 1419 739 1468 foret:
758 1437 811 1484 pro-

140 1486 202 1535 fecto
220 1504 267 1535 nou
282 1494 370 1535 tantum
386 1487 496 1534 bellorum
508 1502 548 1549 per
561 1488 637 1533 omnia
648 1486 733 1534 saecula
745 1487 812 1534 terris
885 1515 891 1534 s

140 1553 245 1601 omnibus
253 1554 434 1610 continuaretur3
453 1566 525 1612 neque
535 1552 587 1613 plus
597 1551 715 1598 bominum
725 1551 812 1598 ferrum

140 1625 165 1665 et
181 1632 249 1675 mma,
269 1633 337 1679 qusm
353 1618 461 1665 naturalis
476 1616 574 1663 fatorum
594 1617 693 1664 conditio
710 1615 811 1679 raperet)

140 1698 233 1746 prorsus
245 1689 270 1728 ut
280 1682 409 1730 admirmile
416 1682 525 1736 videatur,
534 1681 578 1728 hoc
586 1681 631 1727 illis
639 1688 743 1729 naturum
752 1682 812 1737 dare,

140 1747 202 1808 quod
214 1747 292 1794 Graeci
302 1744 373 1808 longi
383 1747 517 1809 sapientium
528 1744 635 1800 doctrind,
646 1748 813 1809 praeceptisque

140 1810 324 1874 philosophorum
336 1812 443 1871 consequi
455 1817 584 1872 nequeunt3
601 1811 720 1871 cultosque
736 1826 814 1859 mores

139 1876 232 1922 incultae
243 1875 350 1922 barbaria
360 1876 479 1921 collatione
490 1876 596 1937 superari.
634 1875 711 1923 Tanto
722 1877 776 1937 plus
789 1877 813 1923 in

141 1940 186 1988 illis
196 1938 284 2002 prolicit
294 1940 400 1988 vitiorum
411 1940 533 2002 ignoratio,
549 1955 617 2002 quam
627 1941 652 1986 in
662 1941 698 1987 his
709 1942 813 2003 cognitio

167 2007 241 2052 rtutis.

141 2007 165 2055 Vi
174 2068 223 2117 111.
241 2068 363 2132 Imperium
380 2070 445 2117 Asiae
464 2077 499 2116 ter
514 2067 653 2131 quaesivere:
672 2069 716 2132 ipsi
731 2086 814 2150 perpe.

140 2142 182 2183 tuo
193 2136 220 2183 ab
230 2136 305 2182 alieno
315 2135 410 2197 imperio
421 2142 461 2181 aut
472 2136 549 2181 intacti
561 2144 600 2181 aut
610 2135 689 2181 invicti
699 2149 814 2185 mansere.

140 2199 247 2256 Darium,
266 2215 342 2263 regem
360 2199 486 2254 Persarum,
503 2200 562 2260 turpi
574 2200 601 2246 ab
614 2195 709 2259 scythi&
719 2201 815 2248 submo-

140 2274 223 2313 verunt
241 2263 312 2327 iugbt
333 2262 420 2325 Cyrum
432 2280 483 2310 cum
497 2264 560 2310 omni
571 2265 671 2323 exercitu
683 2265 815 2312 trucidave-

140 2337 207 2377 runt:
227 2330 352 2378 Alexandri
371 2329 454 2392 Magni
468 2329 548 2376 ducem
565 2328 694 2390 Zopyrioua
707 2330 756 2390 pari
775 2345 814 2377 ra·

141 2395 205 2442 tione
215 2410 267 2442 cum
278 2394 349 2455 copiis
359 2395 471 2441 universis
481 2394 627 2440 deleverunt:
653 2393 815 2441 Romanorum

142 2456 255 2513 audivere,
264 2473 310 2504 non
321 2456 419 2512 sensere,
430 2473 493 2503 arms
504 2472 509 2500 :
544 2456 674 2505 Parthicum
686 2466 710 2504 et
721 2457 815 2507 Bactri·

142 2537 210 2569 snum
222 2523 339 2584 imperium
351 2523 393 2583 ipsi
404 2522 559 2569 condiderunt.
592 2522 657 2569 Gens
668 2528 692 2568 et
699 2522 816 2570 laboribus

141 2593 166 2632 et
181 2586 244 2633 bellis
261 2600 352 2647 aspera:
374 2585 433 2632 vires
456 2601 575 2647 corporum
595 2587 727 2633 immensae:
756 2588 815 2635 nibil

140 2665 226 2714 parere,
237 2652 297 2714 quod
309 2650 411 2698 amittere
422 2650 532 2699 timeant:
552 2651 608 2697 nibil
619 2651 717 2699 victores
729 2657 817 2714 praeter
