1800 2942
158 139 190 184 28
406 132 595 186 cemma
651 160 654 167 ν
704 133 776 186 Cn,
787 139 832 185 51.

152 265 462 380 lg'mtufflifflmffffiu·
480 273 548 321 atet,
569 237 694 348 menno
705 279 735 312 ex
746 274 829 314 mu

154 356 159 431 l
191 332 302 444 plangum
318 337 507 442 lirenlnlllmsellllll
521 400 626 457 aguntur,
646 404 670 440 et
680 395 733 441 dum
744 395 830 459 legatis

153 459 308 524 ,Allobrogum
326 468 350 508 et
365 459 419 506 'Iito
438 459 564 515 Volturcio,
586 460 731 521 comprobato
747 476 829 507 eorum

154 525 248 580 indicio,
270 527 363 587 praemiu
384 525 549 582 decernuntur3
574 524 648 570 liberti
669 533 692 570 et
714 526 779 586 pauci
798 541 830 573 ex

86 611 89 618 ·
155 590 276 637 clientibus
287 590 386 646 Lentuli,
402 591 497 637 diversis
514 590 636 643 itineribus,
657 589 748 651 opilicea
758 598 831 651 etque

155 656 249 703 servitia
259 656 282 701 in
291 655 380 702 riciaad
388 671 440 703 eum
449 655 589 717 eripiundum
601 654 763 712 sollicitabant3
774 671 832 717 par·

154 721 199 766 tim
211 721 356 782 exquirebant
367 721 436 767 duces
447 720 622 772 multitudinum,
634 720 671 780 qui
683 721 755 781 pretio
767 736 829 767 rern-

156 785 269 848 publicam
280 800 368 833 vexare
378 786 445 833 soliti.
463 783 580 847 Cethegus
587 792 670 839 eutem,
680 800 720 847 per
728 787 831 841 nuntios,

155 849 267 899 familiam
278 859 346 911 atque
356 851 447 898 libertos
454 865 516 904 suos,
524 852 659 897 exercitatos
670 852 693 896 in
705 851 830 907 audaciam,

157 917 242 969 orabat
264 931 336 978 grege
349 915 415 970 facto,
438 930 490 962 cum
507 916 557 961 telis
568 916 596 963 ad
612 930 662 962 sese
672 914 833 977 irrumperent.

160 979 249 1029 Consul
261 984 297 1027 ubi
308 981 413 1043 eaparari
424 982 540 1042 cognovit,
551 981 665 1042 dispositis
672 981 790 1042 praesidiis,
802 992 831 1028 ut

153 1061 196 1092 ,res
206 1055 273 1106 etque
285 1054 373 1107 tempus
384 1048 497 1102 monebat,
514 1054 640 1092 convocato
653 1054 743 1100 senatu,
751 1045 831 1101 refert,

160 1109 223 1164 Quid
234 1112 269 1157 de
287 1111 322 1157 his
341 1111 388 1157 lieri
405 1110 500 1172 placeat,
512 1111 550 1171 qui
567 1110 592 1156 in
609 1110 734 1160 custodiam
752 1111 832 1158 traditi

159 1184 231 1224 aaut.
263 1176 308 1223 Sed
318 1191 359 1225 eos
369 1176 436 1238 paulo
446 1184 500 1222 ante
514 1175 621 1236 frequens
637 1182 732 1221 senatus
739 1175 830 1237 judica·

81 1258 82 1262 ¹
155 1248 230 1294 -verut,
246 1249 325 1288 contra
335 1240 495 1303 rempublicam
506 1239 594 1287 fecisse.
627 1237 688 1286 Tum
700 1239 733 1286 D.
744 1239 832 1289 Juuiua

160 1305 257 1361 Silanus,
268 1308 353 1368 primus
365 1306 499 1353 sententiam
512 1314 611 1367 rogatus,
622 1304 683 1366 quod
693 1311 832 1367 eotempote

157 1373 239 1419 consul
250 1372 381 1435 designatus
392 1378 446 1426 mat
467 1371 495 1417 de
508 1371 550 1426 hia,
562 1371 599 1431 qui
611 1371 635 1415 ia
645 1370 753 1416 custodiis
763 1377 831 1418 tene·

159 1438 247 1493 bantur,
259 1448 368 1500 praeterea
378 1437 406 1484 de
417 1434 446 1482 L·
458 1433 545 1490 Cassio,
563 1435 590 1483 P.
601 1433 676 1490 Furio,
689 1434 717 1481 P.
730 1433 832 1483 Umbre-

160 1516 198 1558 no,
209 1502 242 1558 Q,
252 1503 339 1561 Annio,
362 1502 381 1548 si
398 1501 530 1563 deprehensi
543 1500 626 1554 forent,
646 1501 780 1562 supplicium
793 1517 832 1548 su-

156 1569 269 1615 mundum
281 1569 410 1614 decreverat
420 1583 425 1611 r
439 1567 503 1626 isque
512 1575 596 1628 postes,
605 1572 719 1627 permotus
727 1567 832 1614 oratione

161 1631 190 1681 C.
202 1632 309 1683 Caesaris,
324 1632 416 1694 pedibus
427 1631 451 1676 in
462 1632 597 1678 sententium
609 1630 661 1676 Tib.
672 1630 773 1678 Neronis
784 1632 831 1678 itu·

160 1712 214 1745 rum
223 1697 360 1754 sedixerat3
377 1697 436 1757 quod
448 1696 477 1742 de
487 1696 515 1744 eis
525 1713 556 1752 re,
574 1695 684 1758 praesidiis
693 1695 781 1751 additis,
793 1711 831 1744 re·

156 1761 281 1808 ferundum
293 1771 418 1808 censuerat.
436 1761 481 1808 Sed
490 1759 575 1816 Caesar,
588 1760 660 1807 ubiad
668 1777 720 1808 eum
729 1769 832 1816 venturo,

161 1834 254 1889 rogatus
265 1827 399 1873 senteutiam
411 1841 424 1872 a
434 1827 536 1882 consule,
552 1827 706 1889 hujuscemodi
716 1826 785 1873 verba
795 1826 840 1872 lo·›

162 1899 286 1939 cutusest:

193 1955 268 2003 L1..·=
280 1955 361 2003 Omnis
372 1957 483 2012 homines,
496 1955 577 2003 Patres
589 1953 726 2017 Conacripti,
750 1955 789 2014 qui
802 1956 831 2004 de

161 2023 227 2070 rebus
238 2023 310 2069 dubiis
321 2021 459 2079 consultant,
475 2022 503 2068 ab
518 2022 577 2075 odio,
592 2019 695 2073 amicitiis,
706 2016 833 2081 ictuque

161 2087 320 2143 misericordii,
332 2101 416 2133 vacuos
427 2102 477 2133 ease
488 2088 560 2133 decet.
585 2084 655 2131 Haud
665 2083 731 2131 facile
741 2085 834 2133 animus

157 2169 241 2201 ⁴verum
255 2153 366 2216 providet,
388 2152 425 2198 ubi
436 2152 476 2198 ills
486 2151 602 2200 officiuntz
622 2164 695 2209 neque
712 2147 833 2211 quisquam

160 2221 263 2267 omnium
271 2218 363 2265 lubidini
375 2216 476 2263 simulet
488 2217 538 2262 usui
549 2214 630 2276 paruit.
663 2213 709 2260 Ubi
727 2214 834 2263 intende·

159 2285 193 2330 ris
204 2285 328 2345 ingenium,
340 2281 414 2330 valet:
430 2281 448 2327 si
457 2280 532 2328 lubido
539 2279 648 2341 possidet,
659 2294 686 2325 es
696 2280 834 2336 dominatur,

158 2349 250 2396 animus
261 2349 316 2393 nihil
326 2347 395 2393 valet.
431 2345 521 2407 Magna
535 2345 590 2391 mihi
606 2344 671 2406 copia
684 2345 834 2400 memorandi,

164 2411 192 2460 P.
205 2410 234 2460 C.
251 2414 289 2473 qui
308 2427 375 2473 reges
392 2422 459 2471 atque
476 2411 560 2473 populi,
582 2408 616 2456 iri
630 2417 669 2456 out
680 2409 836 2457 misericordiis

163 2477 260 2538 impulsi,
270 2477 330 2523 male
340 2476 509 2522 consuluerint:
529 2475 568 2522 sed
578 2490 606 2522 ea
616 2474 675 2521 malo
686 2475 767 2528 dicere,
779 2489 835 2533 quae

161 2542 260 2604 maiores
277 2541 356 2596 nostri,
375 2549 455 2586 contra
464 2540 585 2586 lubidinem
597 2539 673 2594 animi,
692 2546 754 2584 recte
764 2546 835 2598 atque

161 2608 242 2654 ordine
250 2603 333 2654 facire.
365 2603 432 2652 Bello
444 2604 602 2660 Macedonico,
623 2603 685 2664 quod
706 2616 764 2648 cumo
777 2618 835 2666 rege

160 2670 234 2721 Perse
253 2669 539 2736 gessimusithodiorum
558 2669 644 2724 civitas,
665 2677 835 2731 magnamque
