1800 2942
117 140 167 186 270
257 130 395 183 JUSTINI
411 128 531 180 mxv.
548 130 608 182 Car.
620 132 643 178 2.

118 271 210 328 propter
219 264 326 326 praedam,
345 264 384 310 sed
398 269 489 325 propter
499 262 640 324 dignitatem,
656 260 728 307 inisse
737 257 791 305 bel·

120 333 184 387 lum;
202 330 349 390 indignatum,
361 329 420 390 quod
430 328 569 388 Antigonus,
584 325 678 372 devietis
688 326 790 372 diversae

119 394 224 443 factionis
241 394 340 449 ducibus,
361 393 422 440 solus
438 392 565 439 communis
580 391 682 438 victoriae
693 389 790 453 praernia

62 457 69 478 '
121 457 291 520 corripuisset”

155 522 188 570 11.
206 523 270 570 Dum
281 523 330 570 baec
341 530 446 584 aguntur,
466 512 601 577 Cassander,
618 519 645 566 ab
665 515 791 581 Apollonii

121 589 217 642 rediens,
239 588 317 634 incidit
327 588 351 633 in
362 587 501 641 Autariatas,
512 587 557 647 qui,
576 591 668 647 propter
682 597 790 630 ranarum

121 653 262 713 rnuriumque
278 651 443 698 multitudinem
461 650 538 698 relicto
553 649 632 712 patriae
646 648 703 702 solo,
723 648 791 695 sedes

121 719 264 778 quaerebsnt:
278 718 369 769 veritus,
381 731 410 762 ne
417 715 575 762 Macedoniam
587 720 730 774 occuparent,
740 711 791 760 fac·

122 780 146 828 tri
156 782 258 843 pactione
268 782 291 827 in
303 782 431 827 societatem
439 795 479 826 eos
490 780 582 842 recipit;
594 794 649 840 agro
677 793 707 824 ue
714 778 742 823 iis
753 777 791 824 ul-

122 847 191 893 timos
205 845 347 892 Macedoniae
366 846 475 907 assignat.
506 843 603 898 Deinde,
624 849 661 889 ne*
695 842 792 897 esculea,

123 911 247 958 Alexandri
255 909 320 962 filius,
331 911 369 970 qui
378 906 426 956 fene
437 925 508 957 annos
516 907 676 969 quatuordeoin
684 921 792 954 exoesne·

124 982 166 1028 rat,
177 973 254 1021 favore
261 974 348 1035 paterni
359 975 457 1021 nominis
464 975 588 1036 inregnum
594 972 741 1019 Macedoniae
748 987 792 1019 vo-

123 1046 217 1092 caretur,
236 1038 307 1084 occidi
318 1053 370 1084 eum
381 1040 450 1087 tacite
460 1055 511 1085 cum
522 1045 594 1085 matre
608 1037 705 1084 Barsine
717 1037 792 1100 jrrbet

124 1118 260 1165 corporaque
278 1118 355 1150 eorum
373 1103 433 1150 terni
449 1104 520 1156 obrui,
538 1118 567 1150 ne
584 1103 658 1149 caedes
676 1099 794 1164 sepulturi

123 1169 265 1230 proderetur:
284 1180 313 1223 es,
324 1169 471 1230 quasiparum
482 1169 587 1217 facinoris
597 1168 620 1214 in
631 1169 681 1229 ipso
691 1168 792 1229 primum

125 1248 187 1295 rege,
203 1248 256 1280 mox
267 1235 290 1280 in
301 1241 372 1280 matre
382 1235 430 1295 ejus
439 1232 574 1294 Olympiade
581 1247 607 1278 ac
615 1231 668 1285 filio,
686 1232 792 1278 admisis-

111 1298 167 1351 'set,
179 1298 272 1345 altemm
283 1313 372 1359 quoque
388 1297 459 1344 filium
472 1313 522 1344 cum
536 1305 608 1344 matre
618 1296 732 1342 Rhomne
742 1297 792 1358 pari

124 1361 202 1409 fraude
213 1362 329 1410 interficit:
348 1363 434 1409 scilicet
450 1363 513 1422 quasi
528 1375 623 1424 regnum
640 1361 793 1415 Macedonian,

125 1428 187 1488 quod
203 1427 326 1481 sffecnbst,
343 1427 407 1475 aliter
422 1428 537 1486 consequi,
554 1441 620 1486 quam
634 1426 727 1480 scelere,
744 1439 793 1472 non

127 1500 209 1553 posset
243 1491 333 1539 Interea
352 1491 490 1539 Ptolemaeus
504 1506 555 1538 curn
569 1490 695 1545 Demetrio.
715 1490 792 1536 navali

126 1558 214 1618 proelio,
225 1557 305 1604 iterato
313 1557 471 1618 congreditur3
488 1563 512 1603 et
528 1555 610 1602 amissi
623 1556 703 1613 classe,
719 1556 792 1602 hosti·

117 1636 171 1681 ·que
181 1621 287 1668 concerti
297 1620 398 1678 victorii,
406 1623 430 1667 in
441 1622 570 1684 AEgyptum
578 1619 670 1682 refugit.
701 1617 793 1666 Deme·-

125 1685 183 1732 trius
194 1685 262 1732 filium
276 1685 394 1733 Ptolemoei
405 1686 559 1739 Leontiscum,
569 1693 593 1732 et
602 1685 694 1732 fratrem
706 1684 793 1732 Menea

126 1749 194 1802 liium,
206 1751 333 1810 amicosque
342 1752 397 1812 eJus,
415 1767 467 1798 cum
478 1751 557 1814 privati
569 1751 712 1797 instrumenti
723 1750 791 1796 mini-

128 1815 204 1868 sterio,
215 1815 262 1876 pari
274 1822 409 1876 provocatus
420 1823 486 1864 antea
497 1831 599 1869 munere,
610 1815 741 1877 AEgyptum
755 1829 792 1861 re·

127 1879 210 1925 mittit:
229 1887 258 1934 et,
270 1887 296 1926 ut
305 1888 420 1942 appareret
430 1897 477 1936 eos,
490 1895 535 1928 uon
546 1881 604 1934 odio,
623 1881 663 1927 sed
674 1880 792 1942 dignitatis

127 1943 200 2006 glutit
210 1959 322 1999 accensos,
339 1946 404 1992 donis
413 1946 586 2006 muneribusque
601 1945 660 1991 inter
674 1944 723 2006 ipsa
733 1944 793 1991 bella

128 2009 299 2056 contendebant.
330 2008 407 2057 Tanto
420 2011 536 2057 honestius
546 2016 600 2056 tune
609 2009 669 2055 bella
679 2011 791 2071 gereban-

127 2079 172 2128 tur,
191 2090 257 2135 quam
275 2090 335 2122 nune
353 2075 458 2122 amicitie
480 2075 590 2122 coluntur.
625 2072 679 2120 Hac
698 2071 794 2122 victorii

128 2138 206 2194 elatus,
225 2140 355 2203 Antigonus
368 2155 446 2201 regem
462 2155 487 2186 se
504 2154 557 2187 cum
568 2138 688 2185 Demetrio
698 2137 745 2186 lilio
756 2153 795 2200 ap·

84 2201 86 2204 ’
129 2203 206 2264 pellsri
221 2220 234 2250 a
247 2205 330 2266 populo
339 2205 412 2268 Jubet.
445 2203 583 2251 Ptolemaeus
594 2217 688 2265 quoque,
708 2219 738 2250 ne
748 2204 793 2250 mi·

130 2269 191 2314 noris
202 2269 260 2329 apud
271 2284 324 2317 suos
334 2269 473 2316 auctoritatis
483 2270 606 2322 baberetur,
615 2282 656 2313 rex
666 2269 695 2313 ab
705 2268 792 2315 exerei-

130 2339 156 2377 ω
166 2334 345 2392 cognominatur.
377 2333 465 2387 Quibus
476 2334 562 2387 auditis,
575 2331 702 2381 Cassander
710 2341 734 2380 et
742 2332 793 2393 Ly·

131 2396 243 2442 simachus
261 2404 284 2465 et
302 2398 343 2459 ipsi
360 2399 445 2460 regiam
460 2399 501 2445 sibi
512 2400 649 2460 majestatem
662 2398 792 2445 vindicave-

131 2467 190 2506 runt
209 2458 286 2521 Hujus
302 2463 394 2509 honoris
407 2464 545 2510 ornamentis
555 2463 640 2509 tamdiu
651 2477 731 2509 omnes
742 2464 793 2511 aba·

130 2524 251 2578 tinuerunt,
263 2527 368 2584 quamdiu
375 2526 417 2573 filii
424 2530 484 2590 regis
492 2530 526 2575 sui
538 2542 654 2589 superesse
664 2534 793 2589 potuerunt

130 2585 205 2634 Tanta
212 2589 235 2634 in
247 2589 290 2636 illis
297 2592 431 2639 verecundia
438 2593 489 2649 fuit,
497 2600 529 2646 ut,
540 2607 658 2654 cumopes
668 2592 744 2653 regias
755 2592 793 2638 bs-

130 2651 214 2709 terent
220 2668 299 2716 regum
304 2662 381 2703 tamen
386 2658 515 2706 nominibus
521 2672 587 2719 equo
594 2657 794 2728 unlrnocarterintt
