1800 2942
145 148 191 196 178
287 142 424 194 JUSTINI
441 142 495 192 Lta.
506 142 555 192 ΙΙΙ.
571 142 631 194 Car.
641 150 666 193 8.

142 276 225 324 bantun
241 290 318 323 seeum
335 279 488 321 commutare:
508 281 628 322 exuentem
645 289 677 330 se,
697 289 725 322 ae
739 275 814 324 nuda·

142 347 201 399 tum,
211 341 287 404 gladio
294 340 390 403 trajicit
409 346 458 386 tum
476 345 500 385 et
514 339 573 386 filios
583 340 631 401 e'us
641 340 725 401 corripi
739 342 815 404 jubet.

142 405 237 468 Atque'
231 414 263 453 ita
273 404 379 468 egregius
390 404 520 451 adolescens
536 412 560 451 et
569 404 655 451 eaedem
665 407 742 467 patris,
755 414 780 453 et
790 422 817 454 se

142 471 171 519 ab
180 470 267 518 insidiis
276 469 392 525 Artabani,
403 468 533 516 vindicavit.

175 533 211 582 ΙΙ.
227 533 291 581 Dum
300 534 366 582 haec
359 548 383 580 ιιι
401 532 478 580 Persis
492 539 609 596 geruntur,
624 534 710 581 interea
722 535 817 583 Graecia

143 600 225 655 omnis,
243 600 335 646 ducibus
352 597 532 646 LacedaemoniIs
548 606 572 645 et
588 598 798 676 Atheniensibus,
791 616 817 648 ιιι

144 665 199 712 duas
210 664 282 712 divisa
291 669 372 727 partes,
387 664 415 710 ab
425 664 525 710 externis
539 663 609 718 bellis,
621 664 721 711 velutin
726 664 817 713 viscera

143 745 192 783 sua,
209 744 272 776 arma
289 728 410 776 convertit.
446 726 517 775 liunt
535 728 605 790 igitur
621 728 649 774 de
667 742 714 775 uno
730 730 817 791 populo

144 794 190 841 duo
205 809 313 857 corpora;
332 800 356 840 et
373 792 503 840 eorumdem
520 800 644 839 castrorum
666 794 798 841 homines'
791 811 816 841 m

144 858 202 905 duos
220 859 313 906 hostiles
323 859 435 905 exercitus
451 858 589 904 dividuntur.
622 857 686 904 Hinc
702 857 816 906 Laeedae·

59 941 60 946 ¹
144 923 216 971 monii
226 923 356 969 communia
364 922 478 983 qnondam
488 923 612 969 civitatium
622 923 706 969 auxilia
716 923 744 970 ad
754 925 818 973 vires

145 1003 198 1036 suas
206 988 334 1034 trahebantt
348 987 401 1033 inde
410 988 569 1040 Athenienses,
578 994 602 1034 et
609 994 723 1034 vetustate
730 990 818 1050 gentis,

145 1060 169 1100 et
179 1052 252 1115 gestis
262 1052 328 1098 rebus
338 1050 443 1106 illustres,
455 1052 550 1114 propriis
564 1052 649 1099 viribus
666 1051 819 1101 confidebant.

146 1120 225 1178 Atque
236 1118 268 1164 ita
278 1117 323 1163 duo
333 1117 483 1178 potentissimi
501 1116 599 1164 Graeciae
609 1117 693 1179 populi,
704 1118 819 1166 institutis

147 1181 244 1239 solonis,
261 1189 285 1230 et
306 1180 408 1243 Lycurgi
426 1182 516 1243 legibus
533 1196 605 1243 pares,
622 1196 652 1230 ex
670 1182 819 1232 aemulatione

66 1278 72 1294 ι
146 1248 228 1295 virium
243 1248 266 1295 in
281 1246 364 1294 bellum
375 1247 476 1294 mebant
507 1245 615 1309 Namque
625 1245 749 1311 Lyeurgus
762 1264 819 1297 cum

145 1311 213 1361 fratri
220 1328 262 1361 suo
274 1311 413 1373 Polydectae,
422 1312 584 1390 Spartanorum
595 1312 651 1373 regi,
662 1314 821 1371 successisset,

147 1391 289 1456 regnumque
304 1378 345 1425 sibi
366 1377 481 1424 vindicare
499 1378 616 1438 potuisset
636 1375 743 1426 Charilao
769 1378 820 1427 filio

147 1443 203 1507 ejus,
216 1443 255 1505 qni
266 1451 331 1490 natus
341 1450 459 1507 postumus
464 1441 545 1497 fuerat,
553 1458 605 1489 cum
614 1442 643 1489 ad
653 1450 744 1490 aetatem
752 1443 820 1491 adul·

146 1514 194 1556 tam
205 1509 350 1571 pervenisset,
362 1522 458 1569 regnum
470 1522 558 1553 summa
545 1504 608 1555 fide
616 1508 728 1565 restitnit;
745 1517 771 1555 ut
782 1509 820 1556 in-

147 1574 277 1636 telligerent
294 1588 380 1627 omnes,
399 1578 484 1633 quanto
501 1572 552 1633 plus
567 1572 626 1634 apud
637 1574 709 1620 boum
728 1573 821 1633 pietatis

106 1656 111 1660 ·
143 1653 203 1701 Jura,
213 1653 280 1698 quam
291 1653 371 1685 omnes
384 1651 438 1699 opes
449 1636 557 1684 valerent
590 1636 684 1684 Medici
685 1638 820 1700 giturtem-

146 1718 202 1765 pore
217 1702 270 1749 dum
288 1701 363 1749 infans
384 1702 528 1755 convalescit,
551 1654 702 1763 tutelamqueg
708 1703 757 1765 ejus
776 1705 819 1752 ad·

147 1767 267 1820 ministrat,
286 1781 333 1813 non
349 1767 482 1813 habentibus
500 1766 616 1828 Spartanis
631 1766 695 1829 leges
712 1768 820 1825 instituit,

147 1845 195 1879 non
205 1830 336 1878 inventione
346 1846 423 1878 aarum
428 1832 515 1911 magis,
526 1846 594 1892 quam
605 1832 709 1908 exemplo
720 1833 816 1881 clariora

148 1896 258 1975 siquidem
267 1896 322 1943 nihil
331 1896 384 1958 lege
394 1893 457 1943 ulli
450 1912 474 1942 m
482 1896 538 1943 alios
549 1896 630 1950 sanxit,
642 1899 706 1972 cujum
714 1899 820 1961 nonipse

147 1962 234 2026 primus
245 1964 268 2008 in
277 1977 302 2009 se
312 1961 447 2008 documenta
457 1961 528 2008 daret.
554 1960 680 2023 Populum
675 1977 699 2009 m
710 1964 820 2023 obsequia

147 2026 821 2145 tillltrltttffilltffitffltthldt

149 2172 198 2204 rem
209 2158 296 2205 militiae
306 2154 395 2204 assidui
404 2154 539 2218 frugalitatis
550 2156 712 2204 consuetudine
728 2156 819 2205 facilio-

148 2222 263 2271 remiore.
296 2221 350 2269 Emi
368 2220 458 2282 singula
474 2219 632 2282 nonpecunia,
651 2221 692 2268 sed
707 2236 820 2284 compen·

149 2288 237 2335 satione
258 2287 374 2341 mercium,
391 2286 469 2348 jussit
487 2285 567 2347 ,Auri
588 2286 722 2357 argentique
741 2303 819 2346 usum,

146 2352 212 2400 velut
222 2353 322 2399 omnium
334 2352 443 2399 scelernm
454 2351 577 2407 materiam,
589 2346 686 2397 sustulit

182 2414 230 2463 ΙΙΙ
246 2417 471 2464 Administrationem
486 2414 614 2478 reipublicae
623 2431 664 2479 per
674 2416 767 2463 ordines
782 2417 818 2463 di-

148 2482 215 2530 visit:
235 2482 326 2543 regibus
344 2488 479 2543 potestatem
500 2480 623 2539 bellorum;
647 2482 818 2543 magistratibus

143 2547 230 2609 judicia
243 2561 283 2608 per
300 2560 385 2593 annuas
401 2546 569 2603 successionem
586 2547 673 2593 senatui
686 2547 818 2594 «custodiam

146 2612 241 2674 legum
256 2612 339 2674 populo
350 2611 481 2673 sublegendi
491 2618 601 2665 senatum,
613 2612 649 2658 vel
660 2614 751 2660 creandi
762 2629 820 2674 quos

148 2677 219 2725 vellet
242 2677 394 2742 magistratus,
415 2682 551 2739 potestatem
572 2678 682 2740 permisit.
724 2677 821 2727 Fundos
