1800 2942
207 113 347 205 iusum
361 155 415 206 na
427 119 527 207 xxxa
545 156 638 209 casa
706 165 752 210 sn

3 339 4 342 Ἴ
89 287 134 350 δυσ
144 286 212 334 rebius
221 288 323 335 urtsrriti
335 287 423 343 Arnai,
439 304 470 336 ne
478 288 577 335 vidnum
592 288 675 335 malum
686 290 754 337 etiarn

2 365 11 374 ¹
87 351 156 399 adse
165 360 270 415 serperet,
287 352 370 401 bellum
385 353 492 401 adversus
504 352 615 401 Nabidem
626 355 755 409 decernunt,

90 415 217 478 ducemque
230 425 349 479 praetorem
365 434 431 466 suum
443 418 643 480 Pbilopoemenem,
659 419 755 481 insignis

1 532 4 538 ,
88 480 207 528 iuduutrioe
228 482 309 537 virum,
332 484 486 531 constituuntr
517 485 580 545 cujus
601 485 624 529 in
646 499 674 530 eo
695 484 755 531 bello

4 543 9 558 ⁴
89 546 236 593 maurinus
249 548 336 602 enituit,
353 555 379 594 ut
393 549 497 611 opinione
513 549 612 595 omniurn
626 547 754 597 Flaminino

2 655 3 658 ,
87 609 197 660 Romano
207 613 334 674 imperatori
345 621 517 676 compararemu-
549 613 637 660 Eodem
654 623 755 677 tempore

0 692 4 703 ¹
88 674 208 738 Hannibal
223 692 281 724 cum
302 678 331 724 ad
353 678 492 727 Antiochum
517 679 662 741 pervenisset,
690 680 754 726 velut

87 739 195 788 Deorum
209 757 293 790 munus
308 743 433 805 excipiturr
452 752 572 804 tantusque
588 744 636 806 ejus
655 744 754 791 adventu

87 806 157 853 ordor
175 806 256 854 animis
271 808 332 870 regis
348 810 450 865 accessit,
467 816 557 855 utnon
577 817 623 857 tam
640 810 676 856 de·
686 810 752 867 bello,

87 885 157 931 qum
171 871 199 919 de
212 873 310 933 praemiis
326 873 433 931 victorie,
450 874 566 936 cogitaret.
597 875 645 921 Sed
662 873 754 922 Hauni-

84 935 130 989 bal,
149 936 185 981 cui
202 944 256 983 nota
268 936 374 986 Romana
386 939 458 985 virtus
473 946 530 996 mat,
546 941 643 1002 negabat
656 940 753 1003 opprimi

0 1028 1 1031 =
84 998 212 1057 Bourauos,
224 1002 266 1049 nisi
277 1003 302 1049 in
313 1001 387 1059 Italia,
398 1019 472 1065 posue.
504 1004 596 1051 Adboc
608 1006 649 1052 sibi
660 1009 752 1052 centum

9 1075 11 1080 ’
85 1079 165 1117 neves,
188 1073 212 1113 et
230 1066 308 1113 decem
326 1067 396 1114 millia
414 1069 521 1129 peditum,
543 1076 568 1115 et
585 1070 647 1116 mille
665 1071 752 1131 equites

83 1129 199 1192 poscebat,
216 1132 349 1193 promittens
364 1133 406 1179 hac
422 1148 491 1179 manu
508 1148 553 1179 uon
568 1135 643 1180 minus
658 1135 751 1194 bellum,

83 1209 154 1256 quam
169 1197 272 1258 gesserit,
291 1194 364 1244 Italiae
380 1197 556 1244 instauraturum
561 1214 570 1253 ;
587 1205 610 1244 et
627 1198 650 1244 in
669 1200 749 1246 Asiam

84 1260 137 1321 regi
152 1259 239 1307 sedenti
253 1266 293 1308 aut
308 1262 425 1309 victoriam
442 1263 470 1309 de
484 1261 602 1315 Romanis,
622 1269 661 1308 aut
676 1278 752 1324 aequas

0 1348 2 1357 v
82 1324 148 1389 pacis
166 1324 314 1385 conditiones,
335 1326 484 1374 relaturum:v
499 1327 581 1390 quippe
599 1334 622 1374 et
641 1326 751 1390 Hispanis

0 1412 2 1421 ι
82 1389 145 1437 bello
159 1387 306 1453 flagrantibus
319 1392 398 1439 ducem
412 1399 501 1440 tuntum
515 1392 608 1449 deesse3
625 1399 649 1440 et
661 1391 751 1440 Italiam

83 1454 197 1501 notiorem
213 1455 255 1504 sibi
270 1471 339 1513 nunc,
355 1472 421 1517 quam
438 1457 524 1519 pridem
539 1456 635 1515 fuisset5
652 1459 693 1504 scd
708 1472 751 1505 nec

1 1542 2 1545 ¹
84 1516 248 1583 Carthaginem
259 1522 392 1584 quieturam,
408 1523 537 1584 sociamque
552 1537 577 1569 se
592 1523 614 1569 ei
629 1523 678 1569 sine
688 1522 751 1571 morri

83 1585 236 1646 presbiteram.

118 1647 164 1696 IV.
181 1647 241 1699 Cum
252 1651 301 1713 regi
317 1652 410 1699 consilia
423 1652 567 1715 placuissent,
583 1652 679 1699 mittitur
691 1649 749 1700 Car-

0 1738 1 1741 *
83 1714 201 1776 thagiuem
224 1730 282 1764 unus
303 1730 332 1763 ex
353 1717 472 1764 comitibus
494 1716 635 1773 Hannibalis,
663 1718 700 1779 qui
725 1718 750 1764 in

82 1778 167 1827 bellum
187 1780 279 1841 cupidos
297 1781 405 1836 honetnr,
424 1781 619 1844 Hannibalemque
638 1797 690 1829 cum
709 1797 749 1829 co·

81 1844 126 1908 piis
145 1843 266 1892 affuturum
284 1846 373 1893 nuntiet
381 1865 389 1902 ς
409 1847 474 1900 nihil,
495 1848 561 1902 dicat,
582 1848 687 1909 partibus,
705 1848 749 1894 nisi

82 1911 181 1964 animos,
191 1907 420 1972 Carthaginiensium,
437 1912 530 1960 deesse:
554 1912 633 1960 Asiam
650 1919 674 1959 et
688 1913 749 1958 vires

81 1973 135 2022 belli
157 1981 181 2021 et
203 1983 301 2022 sumtum
324 1978 475 2039 praebituram.
508 1977 569 2025 Haec
590 1994 643 2023 cum
664 1976 749 2035 perlata

82 2037 247 2102 carungmem
258 2048 340 2098 essent,
351 2043 444 2090 nuntius
454 2044 502 2106 ipse
513 2044 540 2090 ab
551 2043 647 2089 inimicis
656 2040 748 2087 Hanni·

1 2127 3 2138 v
80 2104 140 2152 boiis
160 2105 367 2167 comprehenditur3
396 2114 426 2162 et,
450 2108 570 2170 perductur
591 2108 615 2152 in
637 2112 748 2160 senatum,

80 2183 134 2216 cum
143 2169 327 2233 interrogaretur,
344 2172 453 2233 adquem
468 2172 550 2219 missus
563 2170 643 2217 esset?
660 2169 747 2218 Punico

79 2233 175 2297 ingenio
194 2235 315 2296 respondit,
336 2251 361 2284 se
377 2238 406 2283 ud
424 2238 553 2285 universum
571 2243 673 2283 senatum
691 2235 747 2281 mis·

81 2312 148 2356 sum3
165 2313 208 2345 nec
218 2300 278 2346 enim
289 2301 333 2347 hoc
344 2316 400 2368 opus
411 2303 558 2365 singulorum,
576 2302 614 2347 sed
629 2302 747 2347 universo·

80 2378 139 2416 urm,
158 2378 215 2411 csse.
249 2363 312 2411 Dum
327 2366 405 2413 multis
417 2368 495 2414 diebus
506 2367 634 2420 deliberant,
651 2380 680 2412 an
693 2380 747 2412 eum

79 2427 181 2476 Romam
197 2429 225 2476 ad
240 2432 377 2493 purgandam
394 2432 505 2495 publicam
522 2432 682 2478 conscientiam
692 2430 746 2477 mit·

80 2499 140 2552 tant,
153 2493 235 2541 tacitus
246 2493 369 2543 conscensi
379 2512 438 2544 nure
448 2498 477 2545 ad
488 2496 641 2545 Hannibalem
652 2494 747 2544 reverti-

77 2564 133 2605 turr
152 2572 198 2621 quo
216 2560 315 2622 cognito,
333 2559 533 2625 Curtluaginienses
552 2563 610 2611 ultro
629 2576 676 2609 rem
693 2559 745 2607 Ro·

78 2637 141 2670 mam
163 2638 203 2686 per
223 2624 324 2688 legatum
345 2626 456 2674 deferunt.
488 2627 589 2675 Romani
609 2639 699 2687 quoque
716 2623 746 2670 ad

78 2689 222 2740 Antiochum
232 2689 320 2755 legatos
330 2689 418 2749 mirare,
426 2692 474 2754 qui,
485 2693 608 2757 subspecie
614 2689 745 2755 legationis,
