1800 2942
134 125 182 171 166
285 120 423 173 JU8T1N1
440 119 539 170 LrnlI.
556 118 618 170 Car.
628 124 651 170 8.

132 251 260 313 reipublicae
270 252 351 299 annuis
361 252 530 314 magistratibus
540 251 657 313 permissa.
689 249 737 298 Sed
747 250 804 299 eiri-

131 316 172 363 nti
183 317 252 365 nullae
263 325 318 364 tune
336 317 400 380 leges
417 325 495 363 erant:
514 317 566 377 quia
580 316 649 362 libido
665 331 748 377 regum
762 333 805 379 pro

130 381 219 443 legibus
229 384 357 430 habebatur.
391 380 488 445 Legitur
504 381 580 442 itaque
599 380 680 439 Solon,
691 382 728 426 vir
734 382 804 443 justi·

131 447 172 494 tiae
182 447 284 510 insignia,
303 448 341 509 qui
352 447 415 494 velut
427 461 509 494 novam
521 446 635 493 civitatem
646 445 735 508 legibus
746 461 803 493 eon·

132 511 208 559 deret:
228 512 267 573 qui
278 520 341 560 tanto
357 518 534 575 temperamento
550 511 609 558 inter
627 510 715 573 plebem
736 526 803 559 sena·

132 583 226 637 tumque
236 578 292 639 egit,
305 578 375 641 (curn,
388 580 406 624 si
417 577 471 638 quid
481 591 523 637 pro
533 576 604 623 altero
616 576 695 623 ordine
705 576 803 633 tulisset,

130 642 195 688 alteri
214 640 375 704 displiciturum
392 640 518 702 videretur)
535 650 561 687 ut
575 642 603 688 ab
612 641 714 702 utrisque
724 656 802 703 parem

130 706 227 769 gratiam
238 708 342 755 traheret.
375 706 454 771 Hujus
465 707 507 754 viri
517 707 577 754 inter
593 707 665 753 multa
675 706 769 768 egregia
780 713 804 754 et

119 770 185 833 ‚inuh
201 773 345 820 memorabile
363 771 413 819 suit.
446 770 512 819 Inter
533 771 686 818 Athenienses
707 780 731 817 et
746 770 802 826 Me·

128 850 243 899 garenses,
266 839 295 884 de
315 838 451 900 proprietate
479 837 601 883 Salaminae
624 836 714 893 insulae,
732 852 803 898 prope

129 916 201 963 usque
211 902 326 949 interitum
334 904 402 949 armis
413 902 542 949 dimicatum
552 901 633 949 luerat
658 899 717 948 Post
727 901 804 949 clades

128 966 223 1024 multas,
236 967 316 1030 capital
331 982 382 1014 esse
393 968 451 1030 apud
468 966 621 1014 Athenienses
632 967 710 1028 coepit,
723 968 802 1027 siquis

128 1030 204 1093 legem
215 1032 244 1078 de
254 1031 388 1079 vindicandi
396 1030 470 1079 insuld
479 1032 575 1081 tulisset.
609 1031 724 1079 Sollicitus
732 1031 805 1093 igitur

130 1094 208 1151 Solon,
225 1112 254 1143 ne
270 1105 310 1144 aut
327 1098 422 1144 tacendo
433 1113 512 1159 pamm
523 1097 652 1160 reipublIcna
663 1096 802 1155 consuleret,

128 1167 168 1207 aut
179 1162 292 1209 censendo
304 1163 351 1217 albi,
368 1164 464 1209 subitam
479 1163 614 1209 dementiam
623 1161 720 1216 simulat,
738 1161 804 1223 eujus

129 1224 197 1273 venii
213 1243 259 1275 non
279 1227 379 1275 dicturus
398 1228 466 1274 modo
481 1228 599 1289 prohibita,
616 1227 656 1273 sed
666 1234 690 1273 et
700 1226 804 1274 facturus

128 1299 184 1338 erat.
212 1292 331 1340 Desonnis
338 1293 421 1348 habitu,
433 1308 496 1339 more
503 1292 641 1345 vecordium,
652 1291 676 1337 in
688 1292 804 1353 publicum

128 1357 219 1416 evolnt3
235 1357 340 1420 tactoque
351 1373 462 1405 concursu
471 1358 595 1413 hominum,
606 1372 652 1418 qno
660 1357 735 1419 magis
745 1372 804 1405 con·

128 1421 204 1470 silium
217 1424 373 1478 dissimularet,
385 1422 481 1469 insolitis
491 1423 533 1469 sibi
541 1423 644 1470 versibus
654 1423 749 1469 suadete
759 1438 804 1484 po·

128 1487 182 1552 pulo
194 1489 269 1551 coepit,
280 1489 340 1549 quod
357 1489 486 1535 vetabatur:
506 1488 653 1547 omniumque
667 1487 757 1534 animos
770 1488 805 1536 ita

128 1553 194 1614 cepit,
208 1561 233 1600 ut
244 1553 356 1616 extemplo
366 1553 450 1600 bellum
465 1553 574 1599 adversus
590 1551 744 1614 Megarenses
761 1552 804 1600 de·

128 1627 263 1727 gemeretur,
275 1619 398 1680 insulaque,
406 1618 501 1666 devictis
507 1618 616 1672 hostibus,
625 1618 804 1665 Atheniensium

146 1690 201 1729 eret.

164 1744 237 1792 VIII.
255 1745 347 1795 Interea
361 1747 518 1811 Megarenses,
530 1763 643 1794 memores
658 1747 715 1795 illati
727 1747 804 1805 Athe·

128 1810 242 1858 aiensibus
256 1812 316 1867 belli,
332 1820 356 1858 et
368 1813 458 1868 deserti,
476 1828 505 1860 ne
521 1812 604 1859 frustra
621 1828 685 1859 arma
703 1814 806 1860 movisse

126 1876 263 1930 viderentur,
272 1885 386 1924 matronas
394 1878 568 1925 Atheniensium
575 1878 598 1924 in
607 1876 726 1926 Eleusinis
734 1878 805 1925 saeris

127 1950 198 1988 noctu
213 1943 347 2004 oppressuri,
363 1957 433 1990 naves
450 1944 612 1990 conscendunt.
650 1942 706 1997 Qua
723 1960 748 1991 re
762 1959 804 1990 eo·

127 2004 197 2068 guith
205 2008 251 2054 dux
259 2008 431 2055 Atheniensium
440 2007 571 2055 Pisistratus
577 2009 723 2070 juventutem
734 2009 759 2054 in
767 2009 805 2054 in·

128 2072 191 2119 sidiis
201 2074 268 2129 locat,
276 2074 346 2137 jussis
356 2074 466 2121 matronis
477 2074 544 2120 solito
555 2074 653 2120 elamore
664 2088 691 2119 ac
708 2074 805 2135 strepitu

127 2138 196 2184 etiarn
208 2139 231 2184 in
243 2154 335 2186 accessu
353 2140 458 2193 bostium,
475 2155 505 2186 ne
515 2138 642 2185 intellectos
654 2154 678 2183 se
693 2141 805 2196 sentiant,

127 2217 193 2249 sacra
207 2204 333 2251 celebrare:
361 2219 511 2267 egressosque
529 2204 623 2249 navibus
648 2203 806 2265 Megarenses

126 2267 269 2329 inopInantes
283 2284 412 2331 aggressus,
434 2270 533 2326 delevit3
556 2284 582 2315 ac
600 2268 712 2330 protinus,
730 2270 805 2315 classe

126 2331 216 2394 captivi
229 2335 364 2381 intermixtis
381 2334 518 2387 mulieribus,
534 2341 559 2379 nt
575 2334 672 2395 speciem
684 2343 805 2396 captarum

126 2405 280 2444 matronarum
291 2400 423 2460 praeberent,
436 2398 535 2461 Megara
545 2399 669 2445 contendit.
696 2397 736 2445 Illi
749 2413 804 2445 eum

127 2469 151 2507 et
160 2462 251 2507 naviuin
261 2462 364 2516 formam,
379 2471 402 2510 et
412 2464 505 2525 petitam
516 2464 615 2525 praedam
625 2472 804 2524 cognoscerent,

126 2526 186 2571 obvii
197 2525 225 2571 ad
235 2534 325 2587 portum
334 2528 471 2587 proceduntt
491 2528 571 2588 quibus
581 2529 653 2586 caesis,
666 2526 805 2574 Pisistratus

125 2591 217 2649 paulum
241 2605 254 2636 a
276 2591 384 2652 capiendi
406 2594 461 2638 urbe
482 2592 560 2639 abfuit.
592 2591 630 2639 lta
647 2592 805 2653 Megarenses

124 2655 172 2701 suia
189 2655 246 2702 dolis
260 2655 319 2703 boati
337 2656 455 2704 victoriam
472 2655 561 2704 dedere.
592 2658 638 2705 Sed
657 2656 802 2711 Pisistratus,
