1800 2942
144 213 194 260 tus
233 284 237 291 .
290 207 427 261 JUSTINI
444 206 556 258 Lucili.
573 207 667 261 Cani

142 343 213 406 petris
222 343 293 390 occidi
300 343 376 405 jussit.
413 341 460 390 Soli
478 341 608 389 Alexandro
620 339 742 403 Lyncistse
751 339 813 390 fratri

142 410 248 471 pepercit,
272 422 364 455 servans
379 408 403 453 in
422 422 450 454 eo
470 407 593 469 auspicium
612 406 731 469 dignitatis
750 422 811 455 suae:

143 488 200 521 nam
207 488 285 535 regem
296 488 348 519 eum
359 473 444 534 primus
456 472 597 520 salutaverat
624 470 745 517 AEmuium
757 487 814 533 quo-

143 554 188 599 que
198 537 285 599 imperii
297 536 411 585 Caranum
420 535 522 590 fratrem,
530 552 559 583 ex
566 536 666 583 novercis
676 545 813 599 susceptum,

143 601 238 649 interfici
257 603 350 649 curavit.
384 600 448 648 Inter
464 602 528 648 initia
545 602 627 648 multas
643 610 725 663 gentes
742 602 812 648 rebel·

143 667 216 714 lantes
227 667 381 728 compescuit3
399 667 497 713 orientes
513 667 632 713 nonnullas
643 666 766 713 seditiones
776 681 817 713 ex-

142 731 229 778 stinxit.
263 731 351 786 Quibus
362 733 428 778 rebus
438 739 535 786 erectus,
546 732 615 778 citato
625 732 698 793 gradu
709 732 734 778 in
746 729 815 779 Grae-

144 796 202 843 mum
210 796 342 853 contendit;
359 797 403 850 ubi,
413 796 516 858 exemplo
527 797 602 858 patris,
613 794 751 844 Corinthum
763 812 816 843 eto-

144 861 201 908 catis
211 861 343 915 civitatibus,
355 861 402 907 dux
412 862 436 906 in
446 861 523 907 locum
535 862 583 923 ejus
594 861 755 907 substituitur.v
777 859 817 908 ln-

144 926 250 972 chontum
259 925 339 971 deinde
351 932 437 986 epatre
448 923 567 972 Persicum
577 925 659 972 bellurn
671 926 814 987 aggreditur:

144 990 169 1035 in
178 991 242 1051 cujus
253 995 359 1051 apparatu
370 997 480 1050 occupato
490 990 613 1044 nuntiatur,
630 990 785 1037 Athenienses
795 997 818 1040 et

144 1053 265 1101 Tbebanos
283 1056 354 1101 abeo
373 1054 401 1101 ad
419 1054 501 1101 Persas
518 1054 633 1109 defecisse,
655 1062 818 1117 auctoremque

144 1119 193 1181 ejus
202 1118 339 1174 defectionis,
351 1133 435 1181 magno
447 1120 495 1165 auri
505 1120 604 1181 pondere
612 1134 626 1165 a
633 1118 711 1166 Persis
723 1136 817 1183 corrup-

145 1191 201 1240 tum,
213 1183 387 1231 Demosthenen
403 1190 515 1231 oratorem
535 1185 662 1242 exstitisse3
679 1184 718 1244 qni
735 1184 817 1233 Maee-

145 1248 234 1296 donum
241 1249 324 1296 deletas
335 1263 414 1295 omnes
425 1263 478 1296 cum
488 1263 544 1311 rege
554 1250 630 1312 copias
640 1263 654 1296 a
664 1247 772 1297 Triballis
783 1249 817 1297 af·

144 1312 274 1369 intraverit,
285 1315 393 1377 producto
410 1314 433 1359 in
450 1315 583 1360 concionem
594 1322 691 1369 auctore,
702 1315 742 1374 qui
753 1315 779 1361 in
789 1329 817 1363 co

125 1397 129 1404 ·
144 1380 232 1441 proeiio,
249 1380 272 1425 in
287 1394 332 1441 quo
348 1393 388 1424 rex
399 1379 511 1433 ceciderit,
529 1393 554 1425 se
569 1394 659 1439 quoque
672 1379 818 1427 vulneratum

145 1444 236 1491 diceret.
269 1441 322 1498 Qut
333 1443 438 1505 opinione
448 1450 548 1490 mutatos
564 1445 665 1490 omnium
676 1443 750 1491 ferme
760 1445 818 1491 civi·

144 1510 224 1555 tatium
236 1510 323 1556 animos
333 1523 397 1555 esse:
417 1508 521 1569 praesidio
538 1507 692 1555 Macedonum
711 1509 817 1556 obsideri.

147 1572 236 1627 Quibus
247 1575 345 1627 motibus
356 1587 497 1628 occursurus,
508 1572 572 1620 tenti
581 1573 696 1620 celeritate
706 1574 818 1621 instructo

144 1645 267 1699 pontoque
289 1637 388 1686 exerdtu
411 1637 526 1685 Graeciasn
555 1639 671 1700 oppressit,
694 1646 726 1692 ut,
748 1653 817 1699 quem

145 1703 224 1749 venire
234 1716 281 1749 non
292 1710 415 1758 senserant,
427 1703 505 1750 videre
515 1717 540 1749 se
550 1704 590 1749 vix
600 1703 725 1749 crederent.

178 1764 227 1812 111.
243 1765 272 1812 In
283 1768 378 1814 transitu
386 1768 488 1815 hortatus
503 1766 626 1814 Thessalos
641 1767 727 1825 fuerat3
746 1768 818 1815 bene·

145 1828 292 1891 liciorumque
301 1829 397 1893 Philippi
411 1834 487 1893 patris,
498 1841 650 1893 maternaeque
660 1847 709 1879 suae
718 1847 770 1879 cum
780 1834 818 1881 his

146 1895 176 1942 ab
196 1895 341 1942 AEucidamm
363 1904 433 1957 gente
456 1897 633 1953 necessitudinis,
660 1897 817 1948 admonuerat.

148 1958 237 2023 Cupide
255 1961 305 2007 haec
324 1958 440 2008 Thessalis
456 1962 602 2017 audientibus,
620 1962 735 2023 exemplo*
747 1964 819 2024 patris

146 2026 193 2073 dux
204 2027 315 2073 unirersae
325 2026 401 2088 gentis
412 2035 501 2086 creatus
511 2036 567 2082 emt,
576 2034 599 2074 et
606 2027 726 2089 vectigalia
733 2028 819 2084 omnin,

145 2091 385 2153 reditusque-suomi
407 2092 552 2142 tradiderant.
589 2092 635 2138 Sed
656 2091 819 2149 Athenienses,

131 2199 134 2204 ⁴
146 2155 213 2202 sicuti
218 2157 289 2219 -primi
300 2156 435 2211 defecerant,
446 2158 478 2205 ita
486 2158 552 2219 primi
562 2157 673 2219 poenitere
683 2163 820 2218 coeperuut3

145 2228 284 2269 contemtum
301 2222 373 2269 hostis
382 2223 407 2268 in
417 2222 587 2269 admirationem
601 2228 725 2275 vertentes,
741 2222 821 2284 pueri·

145 2284 244 2345 tiamque
263 2286 393 2342 Alexandri,
417 2294 513 2348 spretam
533 2293 608 2343 anten,
626 2300 693 2348 supra
709 2287 820 2334 virtutem

145 2350 346 2397 vestamentum
364 2351 505 2399 extollentes.
537 2351 618 2399 Missis
635 2352 712 2411 itaque
727 2351 820 2413 legatis,

145 2413 227 2461 beilum
244 2415 405 2477 deprecantur:
425 2416 505 2477 quihus
523 2416 603 2463 tuditis
620 2423 644 2462 et
658 2416 762 2478 graviter
781 2417 821 2462 iu-

146 2480 248 2541 orepatis,
271 2479 401 2530 Alexander
421 2482 505 2529 helhum
522 2481 615 2528 remisit.
647 2478 707 2527 Inde
727 2479 821 2528 'Ih'ehas

145 2545 269 2592 enemintm
291 2547 408 2602 conuenit,
431 2544 509 2594 eisdem
528 2544 671 2608 indulgentii
692 2547 821 2601 usurussi

144 2622 222 2671 parem
232 2609 386 2673 poenitentiam
398 2612 529 2659 invenisset.
563 2612 615 2665 Sed·
623 2610 730 2658 Thebani
743 2610 820 2667 armis,

143 2687 194 2721 uon
204 2675 312 2737 precihus,
324 2689 366 2722 nec
377 2675 535 2739 deprecatione
542 2678 646 2725 mittunt
663 2674 746 2737 Itaque
757 2676 821 2729 victi.

139 2740 279 2802 varianissimo
294 2754 391 2804 queque
406 2741 515 2807 supplicia
532 2741 666 2792 miserrimae
680 2741 821 2806 septimum
