1800 2942
253 191 391 245 susum
407 195 461 245 Lm
473 189 521 245 m
537 191 631 247 Cen&
723 201 773 247 '221

100 326 208 385 tamisim
230 333 255 374 et
272 326 332 374 bello
353 334 524 375 consumtomm
543 339 638 391 corpora
654 327 776 390 sepulture

42 431 46 438 .
99 392 202 441 reddidit
206 409 216 450 ;
231 390 380 453 reliquiasque
396 392 501 440 funerum
512 400 539 440 ut
549 394 577 440 ad
588 392 690 455 sepulcra
703 395 789 456 majo--

104 456 284 513 rumdeierrent,
293 458 353 504 ultro
361 458 512 505 hortatusest.
537 456 776 521 sepouaeentem-

100 523 171 570 «irem
189 520 260 568 filium
276 537 329 569 cum
345 523 419 570 emico
435 524 565 586 Antipatro,
579 524 617 586 qui
633 538 775 586 paeemcum

98 588 141 635 liis
156 587 326 648 amicitiamque
338 588 469 650 jungerent,
490 589 592 636 Athenas
608 590 676 636 misit.
711 586 775 636 Tne-

99 655 213 701 senonim
224 667 292 714 porro
302 667 348 699 non
359 654 432 700 solum
443 654 551 716 captivos,
564 669 643 701 verum
660 654 727 701 etism
738 652 775 700 in-

99 717 250 765 terfectorum
261 717 404 780 sepulturam,
415 719 523 766 vendidit.
554 718 671 782 Principes
679 718 777 767 nivinus

100 783 161 830 nlius
172 783 245 830 securi
255 784 380 845 percussit3
399 784 456 831 elios
474 783 498 831 in
513 784 616 831 exsilium
627 785 689 847 egit3
704 784 775 831 bons·

72 888 74 890 ,
103 848 262 909 queomniunr
270 850 395 911 occupavit.
429 846 513 897 Pulsos
523 850 603 897 deinde
612 864 653 913 per
663 849 775 912 injurium,

99 914 129 961 in
145 913 240 975 patriam
265 913 374 961 restituit:
401 927 431 961 ex
447 915 528 961 horum
550 930 643 963 nurnero
661 921 776 962 trecentos

97 977 204 1034 exsules,
209 978 300 1039 J'udices
312 985 455 1039 rectoresque
464 980 549 1028 civitati
556 982 633 1028 dedit:
652 980 711 1043 apud
718 994 778 1041 quos

100 1053 159 1091 oum
170 1043 320 1104 potentissimi
331 1044 414 1106 quique
424 1044 458 1091 rei
468 1046 516 1107 ejus
531 1046 601 1108 ipsius
612 1046 712 1093 criminis
721 1059 776 1108 pos-

28 1119 30 1123 ’
99 1107 240 1165 tulmentur,
249 1109 310 1169 quod
320 1124 361 1170 per
371 1109 474 1171 injuriam
485 1125 510 1156 se
520 1109 544 1156 in
552 1112 656 1158 exsilium
664 1111 775 1172 egissent,

99 1172 173 1235 liujus
183 1173 317 1219 constantiae
328 1172 426 1228 fuerunt,
443 1181 469 1219 ut
479 1189 559 1221 omnes
570 1190 595 1221 se
605 1183 708 1222 auctores
718 1174 780 1222 tates

103 1244 191 1293 rentur,
207 1238 334 1300 meliusque
350 1252 402 1284 cum
417 1237 530 1299 republicl
548 1247 631 1294 sctum,
648 1254 700 1285 cum
711 1239 776 1286 dnm-

103 1303 154 1350 nsti
161 1309 245 1357 essent,
255 1317 323 1364 quem
334 1318 387 1349 curn
397 1303 501 1358 restituti,
513 1304 681 1351 contenderent.
713 1302 777 1352 Mira

103 1383 199 1431 psorsus
217 1367 320 1415 sudreie:
347 1368 375 1414 de
388 1368 503 1429 judicibus
521 1369 576 1416 vitae
598 1371 703 1430 necisque
720 1382 776 1423 suae,

100 1433 293 1495 quemadmodum
303 1441 404 1495 possum,
422 1434 555 1480 sententiam
567 1433 657 1491 ierunt3
674 1440 777 1480 contem-

101 1506 208 1559 nuntque
227 1498 396 1553 absolutionem,
413 1513 480 1559 quum
498 1499 552 1545 dare
568 1500 652 1545 inimici
668 1506 776 1560 possunt3

99 1570 135 1617 et,
147 1562 253 1623 quonium
265 1563 333 1610 rebus
342 1572 458 1625 nequeunt
475 1564 559 1620 ulcisci,
578 1565 652 1612 verbis
668 1570 778 1625 usurpent

138 1691 170 1739 V.
187 1691 326 1754 Compositis
333 1692 356 1739 in
368 1690 460 1739 Graecirl
468 1693 540 1749 rebus,
550 1692 667 1757 Philippus
675 1693 776 1741 omnium

102 1757 230 1806 civitatium
247 1758 336 1819 legstm
346 1757 374 1803 sd
384 1756 527 1805 formandum
545 1775 619 1807 rerum
630 1759 776 1822 presentium

102 1830 191 1872 sutum
210 1823 299 1869 evocant
316 1821 452 1871 Corinthum
466 1824 539 1885 jubet.
571 1824 605 1871 Ibi
623 1827 684 1888 pacis
700 1825 776 1887 legem

101 1888 219 1938 universe
232 1887 331 1935 Graeciae
346 1902 387 1949 pro
397 1888 484 1936 meritis
501 1890 639 1953 singularum
651 1890 775 1938 civitatium

105 1951 201 2010 statuit3
218 1952 382 2015 conciliumque
390 1954 497 2010 omnium,
509 1955 579 2003 veluti
587 1971 657 2003 unum
666 1961 776 2007 senatum,

101 2017 251 2066 examinibus
261 2017 325 2079 legit.
358 2017 406 2065 soti
414 2016 581 2067 Lmedaemonii
590 2027 614 2067 et
620 2021 695 2082 legem
706 2025 730 2064 et
740 2032 776 2064 re·

103 2098 160 2146 gem
171 2090 355 2139 contemserunt3
372 2084 510 2139 servitutem,
522 2100 568 2131 non
579 2099 657 2147 pacem
668 2083 778 2144 retiquae

101 2163 154 2196 non
168 2147 224 2210 ipsis
237 2147 364 2195 civitatibus
380 2150 518 2204 conveniret,
536 2150 575 2196 sed
586 2150 696 2196 evictore
705 2147 777 2195 ferre·

103 2220 152 2261 tur·
182 2211 359 2260 Auxiliadeinde
369 2213 508 2275 singularum
516 2215 639 2264 civitatium
647 2214 778 2261 describun-

103 2286 145 2327 tur
150 2294 159 2336 ς
176 2277 225 2325 sive
231 2277 369 2340 adjuvandus
375 2276 403 2325 ed
411 2293 478 2325 manu
487 2294 534 2334 rex,
544 2287 689 2342 oppugnante
696 2278 778 2341 aliquo,

103 2342 174 2398 donet,
185 2356 226 2390 seu
238 2342 295 2389 duce
305 2342 344 2389 iilo
354 2343 437 2390 bellurn
449 2343 598 2391 inferendum.
624 2344 706 2410 Neque
716 2345 777 2391 enirn

102 2407 200 2455 dubium
222 2413 276 2463 erat,
298 2408 416 2470 imperium
438 2408 560 2456 Persarum
581 2410 617 2456 his
638 2410 779 2473 apparatibus

104 2473 162 2537 peti.
195 2472 290 2520 Summe
309 2472 443 2520 auxiliorum
466 2474 562 2521 ducents
584 2475 654 2523 millia
678 2476 779 2537 pediturn

106 2535 179 2595 fuere.
203 2544 228 2585 et
248 2537 348 2599 equitum
370 2538 497 2599 quindecim
518 2540 596 2586 millis.
627 2540 702 2605 Extra
720 2540 779 2585 hene

104 2615 222 2652 mammam
240 2609 265 2650 et
279 2600 423 2651 Macedoniae
441 2604 554 2652 exercitus
571 2613 626 2660 erat,
643 2612 667 2652 et
685 2600 782 2650 confinis

107 2668 246 2715 domitarum
273 2667 376 2730 gentium
392 2669 521 2716 barbaries.
565 2667 634 2723 Initio
651 2668 712 2714 veris
733 2674 781 2714 tres

104 2735 179 2781 duces
196 2734 220 2783 in
238 2732 318 2782 Asinm
336 2732 457 2782 Persarum
471 2734 529 2797 juris
544 2733 668 2845 premittit,
685 2729 779 2780 Pmo-

521 2814 537 2846 u
