1800 2942
150 226 185 274 dl
387 214 588 273 JUGURTHa
713 224 775 275 Car.
788 230 825 280 1⁷.

151 356 224 402 tutem
234 353 343 401 extollere
353 352 469 411 laudibus;
487 353 568 417 gratii,
583 369 647 409 voce,
663 353 761 417 denique
772 372 824 404 om·

151 421 218 467 nibus
228 419 307 474 modis,
326 434 368 481 pro
380 418 454 466 alieno
465 420 550 467 scelere
560 428 584 466 et
594 418 689 481 flagitio,
706 420 748 468 sud
759 422 825 482 quasi

151 501 194 547 pro
204 483 284 547 glorii,
295 483 432 531 nitebantur.
463 485 500 532 At
510 492 589 531 contra
598 485 671 546 pauci,
687 487 770 546 quibus
781 487 824 533 bo·

152 564 207 597 num
218 556 242 596 et
253 564 342 610 {equum
353 549 437 596 divitiis
447 550 528 605 meins
540 550 718 597 subveniundum
730 549 824 601 Adher·

151 614 203 669 bati,
214 620 238 660 et
249 612 388 677 Hiempsalis
398 622 495 661 mortem
506 629 585 661 severe
592 614 755 670 vindicandam,
768 631 824 662 cen·

153 680 233 727 sebam
239 695 248 736 3
266 679 306 725 sed
317 693 347 725 ex
357 679 463 726 omnibus
476 694 583 726 muume
594 678 704 726 AEmilius
717 679 826 737 Scaurus,

152 744 221 790 bomo
240 743 328 798 nobilis,
347 744 448 806 impiger,
470 743 585 798 iactimuu
606 745 686 791 avidus
706 746 825 806 potentiae.

152 808 254 862 lionoris,
266 808 409 864 divitiarum
421 816 529 856 ceterum
540 809 596 855 vitia
602 823 644 855 sua
653 809 733 856 callide
744 812 824 857 occul·

153 881 212 920 tana.
245 871 271 920 Is
285 880 404 935 postquam
414 873 478 921 videt
488 874 550 936 regis
560 873 702 936 largitionem
713 872 826 923 famosam

153 937 357 1000 impudentemque,
379 939 472 994 verinis,
493 938 553 999 quod
568 938 593 984 in
608 937 647 985 tall
663 953 689 984 re
705 938 770 993 solet,
792 955 826 988 ne

153 1002 240 1065 polluta
249 1003 340 1050 licentia
352 1002 459 1049 invidiam
473 1002 613 1059 acccndoeet,
632 1003 732 1050 animum
743 1018 826 1052 acon·

155 1065 219 1115 sueti
229 1067 327 1114 lubidine
337 1068 456 1114 continuit

188 1130 260 1179 XVI.
277 1130 341 1178 Vicit
359 1138 435 1178 tamen
456 1131 481 1178 iu
498 1137 577 1179 senatu
587 1146 640 1193 pars
650 1132 695 1187 illa,
711 1132 749 1193 qui
766 1148 825 1197 vero

155 1198 253 1260 pretium
275 1203 314 1244 aut
335 1197 431 1259 gratiam
454 1196 613 1244 anteferebant.
644 1196 772 1245 Decretum
788 1198 825 1257 fir,

157 1263 191 1309 uti
205 1263 283 1308 decem
301 1262 369 1324 legati
385 1277 488 1323 regnum,
508 1262 567 1323 quod
580 1262 679 1323 Micipsa
688 1263 826 1322 wnuerat,

154 1328 214 1375 inter
221 1326 359 1390 Jugurtham
370 1334 394 1373 et
405 1327 554 1374 Adherbalem
564 1326 700 1374 dividerent:
713 1330 778 1390 cnjus
788 1329 827 1377 le‘·

157 1393 256 1455 gationis
274 1393 377 1454 princeps
398 1391 442 1443 licit
459 1390 488 1438 L.
498 1391 611 1454 ,Opimius
622 1392 691 1438 bomo
702 1392 783 1448 clarui,
799 1403 829 1455 et

157 1464 206 1505 tum
217 1458 241 1505 in
251 1465 331 1504 senatu
340 1463 437 1519 poteus3
454 1457 507 1516 qnia
517 1457 602 1511 consul,
615 1453 644 1505 C.
651 1456 741 1505 Gracco
751 1465 776 1505 ct
784 1458 827 1509 M.

158 1521 240 1573 Fulvio
253 1521 335 1570 Flacco
346 1521 476 1577 interiectis,
487 1536 603 1569 acerrume
612 1523 729 1570 victoriam
741 1524 827 1572 nobili.

157 1588 245 1634 latisin
256 1587 342 1648 plebem
354 1593 492 1634 exercuerat.
524 1586 587 1633 Eum
602 1585 717 1649 Jugnrtha
732 1593 828 1639 tauretei

157 1651 241 1700 Romae
252 1652 276 1698 in
286 1651 364 1698 amicis
374 1652 488 1708 habuerat,
505 1658 581 1698 tamen
596 1651 771 1700 accuratissume
787 1671 828 1703 re.

157 1714 231 1779 cepit:
250 1715 323 1762 dando
333 1724 358 1763 et
366 1716 511 1777 pollicitando
521 1715 621 1779 perfecit,
637 1718 671 1763 uti
681 1715 755 1772 samse,
772 1718 827 1778 fide,

157 1787 273 1844 postremo
284 1781 387 1828 omnibus
397 1782 522 1836 suisrebus,
533 1781 676 1828 commodum
687 1782 749 1843 regis
758 1793 827 1835 ante

158 1845 235 1893 ferret.
264 1843 375 1906 Reliquos
384 1845 473 1907 legatos
488 1844 567 1893 cladem
577 1844 616 1893 vii
629 1861 758 1908 aggressus,
775 1850 828 1911 ple·

158 1916 323 2029 attriti·
332 1910 572 2036 diffiido}
583 1913 829 2029 illim?

159 2041 202 2104 git,
212 2055 275 2103 agro,
286 2040 341 2087 viris
351 2040 485 2103 opulentior,
501 2040 622 2103 Jugurtbre
638 2040 745 2089 traditur:
765 2043 830 2094 illam

159 2105 260 2160 alteram,
284 2106 359 2167 specie
374 2121 441 2167 quam
465 2121 507 2153 usu
527 2106 645 2167 potiorem,
663 2119 716 2165 quae
731 2116 829 2169 portuo-

160 2171 238 2218 sioret
252 2169 352 2219 edificiis
364 2172 439 2233 magis
451 2178 560 2219 exornata
575 2177 631 2226 erat,
642 2170 758 2220 Adherbal
773 2190 830 2238 poe-

193 2299 279 2349 XVII.
296 2301 345 2348 Res
352 2301 467 2364 postulare
477 2301 566 2348 videtur
576 2299 663 2349 Africae
673 2301 742 2349 situm
749 2307 832 2366 paucis

158 2379 282 2427 exponere,
294 2373 318 2412 et
327 2381 366 2413 eas
375 2366 458 2429 gentis,
474 2366 605 2426 quibuacum
619 2367 684 2414 nobis
694 2367 778 2415 bellum
790 2378 833 2418 aut

161 2430 259 2478 amicitia
276 2430 326 2485 fult,
343 2432 464 2492 attingere.
496 2431 542 2478 Sed
557 2446 610 2492 quae
624 2431 675 2479 loca
689 2438 714 2478 et
724 2435 832 2484 nationes

160 2496 191 2542 ob
203 2495 299 2542 calorem
311 2503 350 2542 aut
360 2496 510 2557 asperitatem,
527 2497 581 2543 item
598 2496 736 2551 solitudines,
753 2501 833 2548 minus

160 2559 302 2622 frequentata
317 2567 376 2615 eunt,
393 2561 422 2607 de
436 2559 466 2607 iis
479 2561 538 2608 baud
547 2560 614 2608 facile
624 2571 765 2626 compertum
777 2580 833 2613 nar·

161 2625 258 2673 merim
268 2643 274 2670 :
294 2632 376 2673 caetera
386 2640 454 2688 quam
464 2627 613 2688 paucissumis
623 2627 745 2674 absolvam.

195 2687 225 2741 In
235 2690 345 2742 divisione
356 2691 496 2749 orbiaterrae,
506 2691 731 2757 pleriqueinpertem
739 2696 832 2745 tertiam
