1800 2942
179 170 317 223 JUSTINI
333 169 522 220 Luxxvnn
535 169 627 221 Cant.
688 173 739 219 889

71 300 196 365 reinvirgo
210 315 262 351 eum
277 299 401 350 laedam
414 317 492 349 sorore
502 301 636 364 superesset,
655 296 740 348 Nereis

71 367 139 416 nubit
154 367 245 424 Geloni,
268 368 351 415 Siciliae
370 368 432 431 regis
447 366 509 414 filio:
529 365 740 413 Leodamisautem

70 445 127 480 oum
138 433 163 481 in
172 447 234 481 nram
245 431 329 480 Dinnse
339 431 485 495 confugisset,
497 446 607 478 concursu
618 427 740 492 populiis·

71 495 191 546 tetfieiiur.
230 496 299 552 Quod
316 497 404 546 focinus
425 495 467 544 Dii
489 496 627 543 immortales
646 493 741 542 assiduis

72 561 174 610 eladius
190 563 272 626 gentis,
290 570 314 610 et
330 578 399 625 prope
408 562 501 609 interitu
511 561 594 624 populi,
613 559 742 606 vindicare·

73 634 145 676 runt:
164 643 224 684 nam,
235 627 513 688 sterilitatemfamemque
523 626 592 689 pessi,
601 633 624 672 et
635 621 743 671 intestini

74 689 189 742 discordid
204 693 287 748 vexati.
298 693 397 740 extemis
408 693 437 739 nd
452 699 591 755 postremum
602 690 667 737 bellis
676 702 743 751 paene
812 715 817 721 ·

73 757 190 805 consumti
211 766 277 805 sunt:
297 756 402 818 Miloqne
420 757 552 805 Laodamioe
573 770 698 818 percussor,
717 754 742 800 in

74 820 176 871 furorem
190 838 275 879 versus,
295 838 356 870 nunc
370 822 438 878 ferro,
456 837 518 869 nunc
529 837 591 873 saxo.
613 820 637 867 in
654 816 745 865 mmmi

75 886 182 938 dmnbm
198 887 302 935 laceratis
314 888 443 944 visceribus,
462 885 594 934 duodecimis
606 886 642 932 die
653 883 746 932 interiit·

76 950 126 1000 His
136 951 160 998 in
171 951 243 1014 Epiro
253 952 331 1015 gestis,
342 953 431 1000 interim
439 953 464 999 in
470 949 607 999 Macedoniis
612 949 745 997 Demetrius

75 1030 125 1072 rex,
135 1016 212 1064 relicto
223 1016 269 1065 filio
281 1016 385 1080 Philippo
394 1017 489 1079 parvulo
500 1017 628 1069 admodum,
640 1014 744 1071 decedite

76 1080 393 1144 euiAntigonustutordatus,
399 1080 691 1143 sooeptaiinmatrimonium
697 1093 746 1126 ma·

75 1152 114 1194 tre
127 1146 212 1209 pupilli,
226 1162 304 1209 regem
316 1161 341 1194 se
351 1147 458 1194 constitui
470 1147 589 1193 laborabat
623 1142 747 1206 interjecto

77 1210 161 1259 deinde
171 1218 278 1274 tempore,
295 1227 354 1267 eum,
372 1211 481 1259 seditione
491 1211 572 1257 minaei
584 1208 746 1263 Macedonum,

77 1275 169 1324 clausus
178 1275 550 1339 inregitteneretur,inpubtimm
559 1275 608 1321 sine
616 1273 748 1321 satellitibus

77 1342 195 1405 procedit;
211 1343 355 1405 projectoque
372 1343 395 1389 in
413 1342 497 1404 vulgus
512 1341 637 1394 diademate
651 1354 677 1385 sc
693 1352 747 1400 pur·

77 1405 143 1473 puni,
154 1406 207 1454 dere
218 1408 267 1454 haec
277 1423 317 1455 eos
328 1407 391 1455 elteri
398 1408 470 1470 jubet,
485 1408 523 1468 qui
534 1415 574 1453 aut
583 1404 693 1467 imperare
703 1401 748 1449 illis

79 1472 173 1525 nesciat,
181 1479 219 1518 sut
227 1472 264 1519 cui
271 1487 348 1534 perere
354 1473 397 1534 ipsi
405 1473 487 1519 soient:
502 1468 749 1519 sesdhuoinvidiosum

78 1536 138 1588 illud
149 1551 252 1599 regnum,
260 1552 306 1584 non
313 1537 471 1599 voluptatibus,
481 1537 521 1583 sed
530 1535 642 1583 laboribus
652 1548 679 1580 sc
689 1531 749 1595 peri·

79 1600 146 1657 culis,
163 1602 252 1650 sentire.
287 1600 457 1650 Commemorat
472 1602 552 1647 deinde
567 1598 675 1646 beneficia
691 1612 747 1644 sun:

79 1673 108 1714 ut
118 1664 268 1714 defectionem
279 1667 391 1714 sociorum
402 1666 565 1713 vindicaverit:
585 1674 611 1710 ut
622 1662 751 1716 Dardanos,

79 1729 256 1793 Thessalosque,
264 1731 403 1779 exsultantes
408 1731 482 1777 moite
489 1729 603 1777 Demetrii
611 1729 678 1790 regis,
687 1742 750 1775 eom·

79 1797 209 1861 paruerit:
229 1803 254 1844 ut
271 1797 368 1857 denique
381 1795 515 1858 dignitatem
533 1794 687 1841 Macedonum
704 1806 753 1839 non

80 1860 158 1911 solnm
168 1859 300 1918 defenderit,
322 1876 401 1908 verum
412 1862 480 1909 etiem
491 1862 586 1909 emerit.
619 1857 752 1913 Quorumsi

81 1926 136 1975 illos
143 1926 259 1988 poeniteat,
271 1926 384 1988 deponere
393 1942 419 1973 se
428 1926 555 1989 imperium,
571 1933 595 1971 et
605 1924 698 1971 reddere
708 1921 753 1968 illis

81 2006 168 2040 munus
187 2006 267 2038 suumz
285 1992 328 2053 ipsi
347 2006 425 2054 regem
443 2000 555 2052 quserantt
577 1990 613 2036 cui
636 1988 756 2049 imperent.

82 2054 147 2106 cum
158 2056 260 2119 populus,
279 2055 365 2118 pudore
375 2064 459 2110 motus,
479 2056 579 2117 recipere
590 2068 642 2100 eum
653 2064 750 2113 regnum

77 2121 178 2186 iuberet,
196 2128 243 2168 tam
253 2121 291 2167 diu
302 2122 420 2176 recusavit,
438 2121 512 2185 quoad
525 2117 641 2166 seditionis
651 2123 756 2163 unctores

81 2201 112 2238 su
143 2186 195 2232 licio
206 2186 353 2233 traderentur.

134 2248 167 2296 V.
182 2249 240 2297 Post
255 2252 305 2297 haec
323 2251 406 2298 beilum
425 2249 540 2313 Spartanis
557 2246 632 2298 infert.
648 2246 686 2306 qui
704 2245 754 2302 soii,

85 2314 186 2378 Philippi
199 2315 367 2376 Alexandriqne
383 2315 455 2368 bellis,
472 2322 495 2361 et
513 2312 631 2372 imperium
644 2310 755 2359 Macedo-

48 2392 49 2395 ’
83 2395 149 2435 num,
161 2387 184 2427 et
194 2380 298 2427 omnibus
308 2380 430 2427 metuenda
441 2394 509 2431 anna,
518 2384 693 2424 contemserunt.
714 2373 757 2422 In·

84 2453 122 2493 ter
133 2444 189 2492 dues
200 2445 349 2492 nobilissimas
359 2453 440 2508 gentes
450 2444 533 2496 beilum
543 2442 636 2489 summis
645 2441 758 2500 utrimque

84 2509 173 2559 viribus
183 2508 241 2568 fuit3
258 2525 310 2557 eum
327 2511 350 2556 hi
366 2525 407 2573 pro
424 2517 500 2556 vetere
512 2507 665 2554 Macedonum
677 2501 757 2567 glorid,

84 2574 175 2624 illinon
187 2574 260 2623 solum
271 2591 313 2638 pro
323 2573 409 2622 iilibstd
418 2573 526 2627 libertste,
538 2573 577 2620 sed
589 2574 656 2619 mum
667 2585 708 2632 pro
719 2583 758 2615 sa·

84 2641 142 2691 tute,
152 2644 272 2687 certarent.
289 2637 352 2687 Vico
363 2637 539 2694 Lacedaemonii,
551 2652 598 2685 nou
609 2636 652 2699 ipsi
662 2640 758 2688 tantum.

85 2703 251 2754 verumetiam
268 2705 378 2769 conjuges
394 2704 510 2767 liberique,
525 2717 609 2765 magno
623 2699 699 2748 animo
710 2696 758 2745 ior·
