<?xml version="1.0" encoding="UTF-8"?>
<!DOCTYPE html PUBLIC "-//W3C//DTD XHTML 1.0 Transitional//EN"
    "http://www.w3.org/TR/xhtml1/DTD/xhtml1-transitional.dtd">
<html xmlns="http://www.w3.org/1999/xhtml" xml:lang="en" lang="en">
 <head>
  <title>
</title>
<meta http-equiv="Content-Type" content="text/html;charset=utf-8" />
  <meta name='ocr-system' content='tesseract 3.04.00' />
  <meta name='ocr-capabilities' content='ocr_page ocr_carea ocr_par ocr_line ocrx_word'/>
</head>
<body>
  <div class='ocr_page' id='page_1' title='image "./quaeintegrasupe00grongoog_0493.png"; bbox 0 0 1800 2942; ppageno 0'>
   <div class='ocr_carea' id='block_1_1' title="bbox 302 504 489 572">
    <p class='ocr_par' dir='ltr' id='par_1_1' title="bbox 302 504 489 572">
     <span class='ocr_line' id='line_1_1' title="bbox 302 504 489 572; baseline 0.005 -2"><span class='ocrx_word' id='word_1_1' title='bbox 302 504 489 572; x_wconf 89' lang='lat' dir='ltr'>JUSTINI</span> 
     </span>
    </p>
   </div>
   <div class='ocr_carea' id='block_1_2' title="bbox 85 685 798 752">
    <p class='ocr_par' dir='ltr' id='par_1_2' title="bbox 85 685 798 752">
     <span class='ocr_line' id='line_1_2' title="bbox 85 685 798 752; baseline 0 -1"><span class='ocrx_word' id='word_1_2' title='bbox 85 685 371 751; x_wconf 85' lang='lat' dir='ltr'><strong>HISTORIARUM</strong></span> <span class='ocrx_word' id='word_1_3' title='bbox 390 690 708 752; x_wconf 81' lang='lat' dir='ltr'><strong>PHILIPPICARUM</strong></span> <span class='ocrx_word' id='word_1_4' title='bbox 794 719 798 735; x_wconf 79' lang='lat'>‹</span> 
     </span>
    </p>
   </div>
   <div class='ocr_carea' id='block_1_3' title="bbox 105 866 693 922">
    <p class='ocr_par' dir='ltr' id='par_1_3' title="bbox 105 866 693 922">
     <span class='ocr_line' id='line_1_3' title="bbox 105 866 693 922; baseline 0.005 -4"><span class='ocrx_word' id='word_1_5' title='bbox 105 866 214 918; x_wconf 86' lang='lat' dir='ltr'>LIBER</span> <span class='ocrx_word' id='word_1_6' title='bbox 230 866 534 922; x_wconf 81' lang='lat' dir='ltr'><strong>QUADRAGESIMUS</strong></span> <span class='ocrx_word' id='word_1_7' title='bbox 550 869 693 922; x_wconf 81' lang='lat' dir='ltr'><strong>PRIMUS.</strong></span> 
     </span>
    </p>
   </div>
   <div class='ocr_carea' id='block_1_4' title="bbox 97 1141 729 1207">
    <p class='ocr_par' dir='ltr' id='par_1_4' title="bbox 97 1141 729 1207">
     <span class='ocr_line' id='line_1_4' title="bbox 97 1141 729 1207; baseline 0.006 -13"><span class='ocrx_word' id='word_1_8' title='bbox 97 1142 119 1194; x_wconf 81' lang='grc' dir='ltr'>Ι.</span> <span class='ocrx_word' id='word_1_9' title='bbox 144 1144 251 1200; x_wconf 69' lang='lat' dir='ltr'>Pessum,</span> <span class='ocrx_word' id='word_1_10' title='bbox 362 1141 425 1207; x_wconf 77' lang='lat' dir='ltr'>quos,</span> <span class='ocrx_word' id='word_1_11' title='bbox 449 1146 513 1193; x_wconf 84' lang='lat' dir='ltr'>velut</span> <span class='ocrx_word' id='word_1_12' title='bbox 537 1148 648 1196; x_wconf 82' lang='lat' dir='ltr'>divisione</span> <span class='ocrx_word' id='word_1_13' title='bbox 667 1151 729 1199; x_wconf 82' lang='lat' dir='ltr'>orbis</span> 
     </span>
    </p>
   </div>
   <div class='ocr_carea' id='block_1_5' title="bbox 60 1160 727 1275">
    <p class='ocr_par' dir='ltr' id='par_1_5' title="bbox 60 1160 727 1275">
     <span class='ocr_line' id='line_1_5' title="bbox 60 1160 727 1275; baseline 0.001 -15"><span class='ocrx_word' id='word_1_14' title='bbox 60 1225 118 1261; x_wconf 81' lang='lat' dir='ltr'>oum</span> <span class='ocrx_word' id='word_1_15' title='bbox 138 1209 248 1258; x_wconf 83' lang='lat' dir='ltr'>Romanis</span> <span class='ocrx_word' id='word_1_16' title='bbox 265 1160 341 1266; x_wconf 54' lang='grc' dir='ltr'>ζῐίῃέ</span> <span class='ocrx_word' id='word_1_17' title='bbox 351 1226 413 1257; x_wconf 87' lang='lat' dir='ltr'>nuuc</span> <span class='ocrx_word' id='word_1_18' title='bbox 431 1210 532 1258; x_wconf 80' lang='lat' dir='ltr'>Orientis</span> <span class='ocrx_word' id='word_1_19' title='bbox 548 1213 666 1275; x_wconf 84' lang='lat' dir='ltr'>imperium</span> <span class='ocrx_word' id='word_1_20' title='bbox 684 1223 727 1269; x_wconf 73' lang='lat' dir='ltr'>eat,</span> 
     </span>
    </p>
   </div>
   <div class='ocr_carea' id='block_1_6' title="bbox 23 1272 733 2810">
    <p class='ocr_par' dir='ltr' id='par_1_6' title="bbox 23 1272 733 2810">
     <span class='ocr_line' id='line_1_6' title="bbox 62 1272 728 1339; baseline 0.005 -17"><span class='ocrx_word' id='word_1_21' title='bbox 62 1276 203 1338; x_wconf 80' lang='lat' dir='ltr'><strong>Scytharum</strong></span> <span class='ocrx_word' id='word_1_22' title='bbox 214 1276 304 1323; x_wconf 77' lang='lat' dir='ltr'>exsules</span> <span class='ocrx_word' id='word_1_23' title='bbox 314 1272 384 1323; x_wconf 64' lang='lat' dir='ltr'>fuere.</span> <span class='ocrx_word' id='word_1_24' title='bbox 417 1274 472 1322; x_wconf 86' lang='lat' dir='ltr'>Hoc</span> <span class='ocrx_word' id='word_1_25' title='bbox 487 1277 555 1323; x_wconf 88' lang='lat' dir='ltr'>etiam</span> <span class='ocrx_word' id='word_1_26' title='bbox 570 1278 669 1339; x_wconf 86' lang='lat' dir='ltr'>ipsorum</span> <span class='ocrx_word' id='word_1_27' title='bbox 684 1294 728 1325; x_wconf 81' lang='lat' dir='ltr'>ro·</span> 
     </span>
     <span class='ocr_line' id='line_1_7' title="bbox 60 1340 729 1401; baseline -0.001 -11"><span class='ocrx_word' id='word_1_28' title='bbox 60 1341 143 1390; x_wconf 87' lang='lat' dir='ltr'>oabulo</span> <span class='ocrx_word' id='word_1_29' title='bbox 159 1340 328 1397; x_wconf 59' lang='lat' dir='ltr'>manifestatum</span> <span class='ocrx_word' id='word_1_30' title='bbox 344 1355 397 1386; x_wconf 89' lang='lat' dir='ltr'>nam</span> <span class='ocrx_word' id='word_1_31' title='bbox 412 1340 520 1401; x_wconf 81' lang='lat' dir='ltr'>Scythico</span> <span class='ocrx_word' id='word_1_32' title='bbox 536 1356 639 1391; x_wconf 76' lang='lat' dir='ltr'>sermone</span> <span class='ocrx_word' id='word_1_33' title='bbox 650 1341 729 1390; x_wconf 80' lang='lat' dir='ltr'><strong>Parthi</strong></span> 
     </span>
     <span class='ocr_line' id='line_1_8' title="bbox 59 1404 729 1466; baseline 0.001 -12"><span class='ocrx_word' id='word_1_34' title='bbox 59 1405 154 1454; x_wconf 85' lang='lat' dir='ltr'>exsules</span> <span class='ocrx_word' id='word_1_35' title='bbox 169 1405 280 1452; x_wconf 86' lang='lat' dir='ltr'>dicuntur.</span> <span class='ocrx_word' id='word_1_36' title='bbox 312 1404 353 1461; x_wconf 86' lang='lat' dir='ltr'>Hi,</span> <span class='ocrx_word' id='word_1_37' title='bbox 370 1412 393 1451; x_wconf 86' lang='lat' dir='ltr'>et</span> <span class='ocrx_word' id='word_1_38' title='bbox 403 1405 550 1466; x_wconf 78' lang='lat' dir='ltr'>Assyriorum</span> <span class='ocrx_word' id='word_1_39' title='bbox 566 1414 590 1454; x_wconf 91' lang='lat' dir='ltr'>et</span> <span class='ocrx_word' id='word_1_40' title='bbox 606 1406 729 1455; x_wconf 83' lang='lat' dir='ltr'>Medorum</span> 
     </span>
     <span class='ocr_line' id='line_1_9' title="bbox 60 1470 730 1597; baseline 0.003 -14"><span class='ocrx_word' id='word_1_41' title='bbox 60 1470 439 1596; x_wconf 49' lang='lat' dir='ltr'>titubantium</span> <span class='ocrx_word' id='word_1_42' title='bbox 452 1471 730 1597; x_wconf 59' lang='lat' dir='ltr'>nutritum}</span> 
     </span>
     <span class='ocr_line' id='line_1_10' title="bbox 23 1587 729 1664; baseline 0.003 -16"><span class='ocrx_word' id='word_1_43' title='bbox 23 1613 33 1622; x_wconf 80' lang='lat'><em>·</em></span> <span class='ocrx_word' id='word_1_44' title='bbox 62 1598 145 1648; x_wconf 85' lang='lat' dir='ltr'>Medis</span> <span class='ocrx_word' id='word_1_45' title='bbox 155 1587 183 1645; x_wconf 75' lang='lat' dir='ltr'>a&#39;d</span> <span class='ocrx_word' id='word_1_46' title='bbox 195 1597 277 1647; x_wconf 90' lang='lat' dir='ltr'>Persas</span> <span class='ocrx_word' id='word_1_47' title='bbox 287 1600 419 1646; x_wconf 76' lang='lat' dir='ltr'>translatum</span> <span class='ocrx_word' id='word_1_48' title='bbox 435 1607 478 1655; x_wconf 78' lang='lat' dir='ltr'>est</span> <span class='ocrx_word' id='word_1_49' title='bbox 493 1602 564 1648; x_wconf 86' lang='lat' dir='ltr'>veluti</span> <span class='ocrx_word' id='word_1_50' title='bbox 579 1602 663 1664; x_wconf 78' lang='lat' dir='ltr'>uulgus</span> <span class='ocrx_word' id='word_1_51' title='bbox 679 1603 729 1650; x_wconf 86' lang='lat' dir='ltr'>siue</span> 
     </span>
     <span class='ocr_line' id='line_1_11' title="bbox 61 1661 729 1726; baseline 0.007 -15"><span class='ocrx_word' id='word_1_52' title='bbox 61 1664 164 1717; x_wconf 83' lang='lat' dir='ltr'>nomine,</span> <span class='ocrx_word' id='word_1_53' title='bbox 182 1664 259 1726; x_wconf 82' lang='lat' dir='ltr'>praeda</span> <span class='ocrx_word' id='word_1_54' title='bbox 277 1664 388 1711; x_wconf 86' lang='lat' dir='ltr'>victorum</span> <span class='ocrx_word' id='word_1_55' title='bbox 406 1661 477 1711; x_wconf 68' lang='lat' dir='ltr'>suere</span> <span class='ocrx_word' id='word_1_56' title='bbox 509 1664 629 1714; x_wconf 86' lang='lat' dir='ltr'>Postremo</span> <span class='ocrx_word' id='word_1_57' title='bbox 647 1665 729 1716; x_wconf 82' lang='lat' dir='ltr'>Mace·</span> 
     </span>
     <span class='ocr_line' id='line_1_12' title="bbox 46 1727 730 1792; baseline 0.006 -15"><span class='ocrx_word' id='word_1_58' title='bbox 46 1728 168 1786; x_wconf 62' lang='lat' dir='ltr'>donibus,</span> <span class='ocrx_word' id='word_1_59' title='bbox 186 1729 322 1791; x_wconf 88' lang='lat' dir='ltr'>triumphato</span> <span class='ocrx_word' id='word_1_60' title='bbox 338 1727 439 1783; x_wconf 78' lang='lat' dir='ltr'>Oriente,</span> <span class='ocrx_word' id='word_1_61' title='bbox 456 1730 596 1789; x_wconf 78' lang='lat' dir='ltr'>servierunt3</span> <span class='ocrx_word' id='word_1_62' title='bbox 615 1739 642 1779; x_wconf 91' lang='lat' dir='ltr'>ut</span> <span class='ocrx_word' id='word_1_63' title='bbox 657 1732 730 1792; x_wconf 70' lang='lat' dir='ltr'>cuivis</span> 
     </span>
     <span class='ocr_line' id='line_1_13' title="bbox 62 1793 728 1847; baseline 0.006 -6"><span class='ocrx_word' id='word_1_64' title='bbox 62 1793 149 1841; x_wconf 88' lang='lat' dir='ltr'>mirum</span> <span class='ocrx_word' id='word_1_65' title='bbox 171 1793 280 1847; x_wconf 75' lang='lat' dir='ltr'>videatur,</span> <span class='ocrx_word' id='word_1_66' title='bbox 308 1793 337 1840; x_wconf 78' lang='lat' dir='ltr'>ed</span> <span class='ocrx_word' id='word_1_67' title='bbox 363 1800 447 1840; x_wconf 80' lang='lat' dir='ltr'>tantun</span> <span class='ocrx_word' id='word_1_68' title='bbox 470 1808 510 1840; x_wconf 88' lang='lat' dir='ltr'>eos</span> <span class='ocrx_word' id='word_1_69' title='bbox 530 1793 659 1844; x_wconf 73' lang='lat' dir='ltr'>felicitatem</span> <span class='ocrx_word' id='word_1_70' title='bbox 680 1798 728 1844; x_wconf 80' lang='lat' dir='ltr'>uir·</span> 
     </span>
     <span class='ocr_line' id='line_1_14' title="bbox 62 1858 728 1922; baseline 0.008 -17"><span class='ocrx_word' id='word_1_71' title='bbox 62 1865 116 1905; x_wconf 90' lang='lat' dir='ltr'>tute</span> <span class='ocrx_word' id='word_1_72' title='bbox 131 1865 256 1918; x_wconf 80' lang='lat' dir='ltr'>provectos,</span> <span class='ocrx_word' id='word_1_73' title='bbox 276 1864 302 1904; x_wconf 90' lang='lat' dir='ltr'>ut</span> <span class='ocrx_word' id='word_1_74' title='bbox 317 1858 427 1920; x_wconf 86' lang='lat' dir='ltr'>imperent</span> <span class='ocrx_word' id='word_1_75' title='bbox 442 1859 554 1920; x_wconf 76' lang='lat' dir='ltr'>gentibus,</span> <span class='ocrx_word' id='word_1_76' title='bbox 577 1861 619 1908; x_wconf 88' lang='lat' dir='ltr'>sub</span> <span class='ocrx_word' id='word_1_77' title='bbox 634 1876 728 1922; x_wconf 89' lang='lat' dir='ltr'>quarum</span> 
     </span>
     <span class='ocr_line' id='line_1_15' title="bbox 64 1920 730 1985; baseline 0.009 -15"><span class='ocrx_word' id='word_1_78' title='bbox 64 1921 169 1983; x_wconf 85' lang='lat' dir='ltr'>imperio,</span> <span class='ocrx_word' id='word_1_79' title='bbox 186 1922 255 1969; x_wconf 86' lang='lat' dir='ltr'>veluti</span> <span class='ocrx_word' id='word_1_80' title='bbox 272 1923 353 1969; x_wconf 87' lang='lat' dir='ltr'>servile</span> <span class='ocrx_word' id='word_1_81' title='bbox 368 1922 458 1985; x_wconf 77' lang='lat' dir='ltr'>vulgus,</span> <span class='ocrx_word' id='word_1_82' title='bbox 474 1920 545 1971; x_wconf 69' lang='lat' dir='ltr'>luite.</span> <span class='ocrx_word' id='word_1_83' title='bbox 576 1925 600 1973; x_wconf 85' lang='lat' dir='ltr'>A</span> <span class='ocrx_word' id='word_1_84' title='bbox 618 1924 730 1976; x_wconf 81' lang='lat' dir='ltr'>Romanis</span> 
     </span>
     <span class='ocr_line' id='line_1_16' title="bbox 63 1986 730 2049; baseline 0.012 -18"><span class='ocrx_word' id='word_1_85' title='bbox 63 2000 164 2049; x_wconf 83' lang='lat' dir='ltr'>quoque,</span> <span class='ocrx_word' id='word_1_86' title='bbox 174 1986 239 2033; x_wconf 86' lang='lat' dir='ltr'>trinis</span> <span class='ocrx_word' id='word_1_87' title='bbox 249 1987 320 2042; x_wconf 82' lang='lat' dir='ltr'>bellis,</span> <span class='ocrx_word' id='word_1_88' title='bbox 334 1988 374 2049; x_wconf 81' lang='lat' dir='ltr'>pei</span> <span class='ocrx_word' id='word_1_89' title='bbox 384 1988 495 2035; x_wconf 85' lang='lat' dir='ltr'>maximos</span> <span class='ocrx_word' id='word_1_90' title='bbox 505 1989 581 2045; x_wconf 80' lang='lat' dir='ltr'>duces,</span> <span class='ocrx_word' id='word_1_91' title='bbox 597 1989 730 2039; x_wconf 79' lang='lat' dir='ltr'>florentini-</span> 
     </span>
     <span class='ocr_line' id='line_1_17' title="bbox 63 2051 730 2118; baseline 0.012 -22"><span class='ocrx_word' id='word_1_92' title='bbox 63 2051 112 2099; x_wconf 83' lang='lat' dir='ltr'>mia</span> <span class='ocrx_word' id='word_1_93' title='bbox 128 2052 264 2113; x_wconf 70' lang='lat' dir='ltr'>temporibus</span> <span class='ocrx_word' id='word_1_94' title='bbox 281 2052 385 2106; x_wconf 84' lang='lat' dir='ltr'>lacessiti,</span> <span class='ocrx_word' id='word_1_95' title='bbox 402 2053 444 2102; x_wconf 87' lang='lat' dir='ltr'>soli</span> <span class='ocrx_word' id='word_1_96' title='bbox 461 2067 492 2101; x_wconf 85' lang='lat' dir='ltr'>ex</span> <span class='ocrx_word' id='word_1_97' title='bbox 505 2055 609 2103; x_wconf 86' lang='lat' dir='ltr'>omnibus</span> <span class='ocrx_word' id='word_1_98' title='bbox 624 2056 730 2118; x_wconf 77' lang='lat' dir='ltr'>gentibus</span> 
     </span>
     <span class='ocr_line' id='line_1_18' title="bbox 66 2117 727 2178; baseline 0.008 -14"><span class='ocrx_word' id='word_1_99' title='bbox 66 2129 116 2164; x_wconf 89' lang='lat' dir='ltr'>non</span> <span class='ocrx_word' id='word_1_100' title='bbox 137 2129 202 2177; x_wconf 75' lang='lat' dir='ltr'>peres</span> <span class='ocrx_word' id='word_1_101' title='bbox 224 2117 304 2172; x_wconf 84' lang='lat' dir='ltr'>solum,</span> <span class='ocrx_word' id='word_1_102' title='bbox 330 2132 409 2164; x_wconf 84' lang='lat' dir='ltr'>verum</span> <span class='ocrx_word' id='word_1_103' title='bbox 431 2119 498 2165; x_wconf 83' lang='lat' dir='ltr'>etism</span> <span class='ocrx_word' id='word_1_104' title='bbox 519 2120 627 2178; x_wconf 78' lang='lat' dir='ltr'>victores,</span> <span class='ocrx_word' id='word_1_105' title='bbox 647 2118 727 2170; x_wconf 69' lang='lat' dir='ltr'>inire:</span> 
     </span>
     <span class='ocr_line' id='line_1_19' title="bbox 81 2182 732 2244; baseline 0.011 -17"><span class='ocrx_word' id='word_1_106' title='bbox 81 2194 202 2241; x_wconf 89' lang='lat' dir='ltr'>uamquam</span> <span class='ocrx_word' id='word_1_107' title='bbox 212 2182 263 2243; x_wconf 87' lang='lat' dir='ltr'>plus</span> <span class='ocrx_word' id='word_1_108' title='bbox 278 2182 358 2244; x_wconf 60' lang='lat' dir='ltr'>gloriae</span> <span class='ocrx_word' id='word_1_109' title='bbox 373 2183 409 2236; x_wconf 85' lang='lat' dir='ltr'>sit,</span> <span class='ocrx_word' id='word_1_110' title='bbox 425 2183 486 2228; x_wconf 87' lang='lat' dir='ltr'>inter</span> <span class='ocrx_word' id='word_1_111' title='bbox 494 2183 591 2243; x_wconf 82' lang='lat' dir='ltr'>Assyria</span> <span class='ocrx_word' id='word_1_112' title='bbox 601 2192 625 2232; x_wconf 91' lang='lat' dir='ltr'>et</span> <span class='ocrx_word' id='word_1_113' title='bbox 639 2184 732 2235; x_wconf 86' lang='lat' dir='ltr'>Medica</span> 
     </span>
     <span class='ocr_line' id='line_1_20' title="bbox 64 2196 731 2311; baseline 0.007 -19"><span class='ocrx_word' id='word_1_114' title='bbox 64 2196 210 2304; x_wconf 57' lang='lat' dir='ltr'>i&#39;ersicaque.</span> <span class='ocrx_word' id='word_1_115' title='bbox 231 2256 354 2292; x_wconf 82' lang='lat' dir='ltr'>memorata</span> <span class='ocrx_word' id='word_1_116' title='bbox 370 2246 423 2292; x_wconf 88' lang='lat' dir='ltr'>olim</span> <span class='ocrx_word' id='word_1_117' title='bbox 442 2261 520 2308; x_wconf 78' lang='lat' dir='ltr'>regna,</span> <span class='ocrx_word' id='word_1_118' title='bbox 543 2254 567 2294; x_wconf 87' lang='lat' dir='ltr'>et</span> <span class='ocrx_word' id='word_1_119' title='bbox 587 2248 731 2311; x_wconf 84' lang='lat' dir='ltr'>opulentissi-</span> 
     </span>
     <span class='ocr_line' id='line_1_21' title="bbox 65 2308 732 2377; baseline 0.012 -21"><span class='ocrx_word' id='word_1_120' title='bbox 65 2323 131 2356; x_wconf 88' lang='lat' dir='ltr'>mum</span> <span class='ocrx_word' id='word_1_121' title='bbox 142 2308 204 2355; x_wconf 89' lang='lat' dir='ltr'>mille</span> <span class='ocrx_word' id='word_1_122' title='bbox 214 2310 303 2357; x_wconf 90' lang='lat' dir='ltr'>urbium</span> <span class='ocrx_word' id='word_1_123' title='bbox 313 2309 457 2359; x_wconf 77' lang='lat' dir='ltr'>Bactrianum</span> <span class='ocrx_word' id='word_1_124' title='bbox 474 2313 599 2374; x_wconf 87' lang='lat' dir='ltr'>imperium,</span> <span class='ocrx_word' id='word_1_125' title='bbox 616 2328 732 2377; x_wconf 81' lang='lat' dir='ltr'>emergere</span> 
     </span>
     <span class='ocr_line' id='line_1_22' title="bbox 64 2374 731 2438; baseline 0.012 -18"><span class='ocrx_word' id='word_1_126' title='bbox 64 2374 175 2436; x_wconf 82' lang='lat' dir='ltr'>potuisse,</span> <span class='ocrx_word' id='word_1_127' title='bbox 191 2389 257 2435; x_wconf 85' lang='lat' dir='ltr'>quam</span> <span class='ocrx_word' id='word_1_128' title='bbox 275 2374 399 2437; x_wconf 79' lang='lat' dir='ltr'>longinque</span> <span class='ocrx_word' id='word_1_129' title='bbox 414 2374 474 2422; x_wconf 86' lang='lat' dir='ltr'>belia</span> <span class='ocrx_word' id='word_1_130' title='bbox 489 2378 576 2424; x_wconf 82' lang='lat' dir='ltr'>vicisse.</span> <span class='ocrx_word' id='word_1_131' title='bbox 609 2377 731 2438; x_wconf 67' lang='lat' dir='ltr'>Praeterea,</span> 
     </span>
     <span class='ocr_line' id='line_1_23' title="bbox 66 2438 733 2500; baseline 0.016 -17"><span class='ocrx_word' id='word_1_132' title='bbox 66 2451 119 2484; x_wconf 86' lang='lat' dir='ltr'>oum</span> <span class='ocrx_word' id='word_1_133' title='bbox 135 2439 242 2499; x_wconf 72' lang='lat' dir='ltr'>gravibus</span> <span class='ocrx_word' id='word_1_134' title='bbox 259 2438 370 2500; x_wconf 74' lang='lat' dir='ltr'>Scythicis</span> <span class='ocrx_word' id='word_1_135' title='bbox 386 2445 409 2486; x_wconf 89' lang='lat' dir='ltr'>et</span> <span class='ocrx_word' id='word_1_136' title='bbox 424 2440 556 2489; x_wconf 83' lang='lat' dir='ltr'>vicinalibus</span> <span class='ocrx_word' id='word_1_137' title='bbox 565 2443 629 2491; x_wconf 87' lang='lat' dir='ltr'>bellis</span> <span class='ocrx_word' id='word_1_138' title='bbox 644 2443 733 2494; x_wconf 75' lang='lat' dir='ltr'>assidue</span> 
     </span>
     <span class='ocr_line' id='line_1_24' title="bbox 66 2502 732 2571; baseline 0.014 -22"><span class='ocrx_word' id='word_1_139' title='bbox 66 2502 151 2558; x_wconf 77' lang='lat' dir='ltr'>vexati,</span> <span class='ocrx_word' id='word_1_140' title='bbox 168 2503 236 2550; x_wconf 83' lang='lat' dir='ltr'>rurils</span> <span class='ocrx_word' id='word_1_141' title='bbox 247 2504 395 2566; x_wconf 81' lang='lat' dir='ltr'>periculorum</span> <span class='ocrx_word' id='word_1_142' title='bbox 411 2506 569 2555; x_wconf 76' lang='lat' dir='ltr'>certaminibus</span> <span class='ocrx_word' id='word_1_143' title='bbox 581 2516 732 2571; x_wconf 79' lang='lat' dir='ltr'>urgerentur3</span> 
     </span>
     <span class='ocr_line' id='line_1_25' title="bbox 67 2566 733 2633; baseline 0.015 -21"><span class='ocrx_word' id='word_1_144' title='bbox 67 2566 91 2612; x_wconf 89' lang='lat' dir='ltr'>bi</span> <span class='ocrx_word' id='word_1_145' title='bbox 103 2567 232 2614; x_wconf 78' lang='lat' dir='ltr'>domesticis</span> <span class='ocrx_word' id='word_1_146' title='bbox 248 2568 392 2615; x_wconf 87' lang='lat' dir='ltr'>seditionibus</span> <span class='ocrx_word' id='word_1_147' title='bbox 409 2567 503 2629; x_wconf 75' lang='lat' dir='ltr'>Scytbii</span> <span class='ocrx_word' id='word_1_148' title='bbox 517 2571 584 2633; x_wconf 86' lang='lat' dir='ltr'>pulsi,</span> <span class='ocrx_word' id='word_1_149' title='bbox 601 2571 733 2623; x_wconf 86' lang='lat' dir='ltr'>solitudines</span> 
     </span>
     <span class='ocr_line' id='line_1_26' title="bbox 67 2629 732 2705; baseline 0.015 -29"><span class='ocrx_word' id='word_1_150' title='bbox 67 2631 127 2677; x_wconf 87' lang='lat' dir='ltr'>inter</span> <span class='ocrx_word' id='word_1_151' title='bbox 136 2629 283 2691; x_wconf 78' lang='lat' dir='ltr'>Hyrcaniam,</span> <span class='ocrx_word' id='word_1_152' title='bbox 293 2639 316 2680; x_wconf 92' lang='lat' dir='ltr'>et</span> <span class='ocrx_word' id='word_1_153' title='bbox 322 2631 409 2688; x_wconf 78' lang='lat' dir='ltr'>Dehas,</span> <span class='ocrx_word' id='word_1_154' title='bbox 420 2643 444 2680; x_wconf 88' lang='lat' dir='ltr'>et</span> <span class='ocrx_word' id='word_1_155' title='bbox 453 2635 533 2691; x_wconf 85' lang='lat' dir='ltr'>Areos,</span> <span class='ocrx_word' id='word_1_156' title='bbox 544 2646 567 2682; x_wconf 89' lang='lat' dir='ltr'>et</span> <span class='ocrx_word' id='word_1_157' title='bbox 580 2637 732 2705; x_wconf 64' lang='lat' dir='ltr'>[Spartanoe]</span> 
     </span>
     <span class='ocr_line' id='line_1_27' title="bbox 69 2695 732 2763; baseline 0.015 -20"><span class='ocrx_word' id='word_1_158' title='bbox 69 2704 93 2743; x_wconf 86' lang='lat' dir='ltr'>et</span> <span class='ocrx_word' id='word_1_159' title='bbox 116 2695 257 2758; x_wconf 71' lang='lat' dir='ltr'>Margianoi,</span> <span class='ocrx_word' id='word_1_160' title='bbox 279 2695 356 2745; x_wconf 80' lang='lat' dir='ltr'>furtim</span> <span class='ocrx_word' id='word_1_161' title='bbox 378 2696 523 2760; x_wconf 68' lang='lat' dir='ltr'>occupavere.</span> <span class='ocrx_word' id='word_1_162' title='bbox 555 2699 624 2750; x_wconf 82' lang='lat' dir='ltr'>Fines</span> <span class='ocrx_word' id='word_1_163' title='bbox 646 2703 732 2763; x_wconf 77' lang='lat' dir='ltr'>deinde.</span> 
     </span>
     <span class='ocr_line' id='line_1_28' title="bbox 462 2766 509 2810; baseline 0.043 -2"><span class='ocrx_word' id='word_1_164' title='bbox 462 2766 509 2810; x_wconf 72' lang='lat'>211</span> 
     </span>
    </p>
   </div>
   <div class='ocr_carea' id='block_1_7' title="bbox 0 0 914 2942">
    <p class='ocr_par' dir='ltr' id='par_1_7' title="bbox 0 0 914 2942">
     <span class='ocr_line' id='line_1_29' title="bbox 0 0 914 2942; baseline 0 0"><span class='ocrx_word' id='word_1_165' title='bbox 0 0 914 2942; x_wconf 95' lang='lat' dir='ltr'> </span> 
     </span>
    </p>
   </div>
  </div>
 </body>
</html>
