1800 2942
249 172 388 223 susurru
405 172 499 221 nnn
517 170 610 222 cres.
714 145 781 225 rss'

91 303 224 352 trimonium
240 304 352 359 assumsit,
368 310 392 351 et
408 319 438 351 ex
459 302 487 351 ed
501 304 582 367 genuit
599 301 759 365 Hippolytum.

93 369 215 423 Hercules,
233 376 285 430 post
295 370 418 425 victoriam,
436 368 582 431 Menalippen
598 370 708 431 captivam
720 387 771 432 aoy

91 436 137 483 rori
149 434 251 488 reddidit,
262 441 285 480 et
296 435 391 495 pretium
404 450 466 481 arms
476 435 562 497 reginae
569 435 663 496 accepit.
679 434 758 497 Atque

90 499 124 547 ita
133 498 226 547 functus
236 499 371 560 imperimsd
378 514 455 561 regern
466 500 595 546 revertitur.
617 500 662 547 Sed
669 499 758 556 Otrere,

90 566 129 611 ubi
144 564 255 626 comperit
270 563 353 610 bellum
367 565 480 611 sororibus
498 564 591 616 illatum,
611 572 634 611 et
645 572 758 627 raptorem

90 645 141 677 esse
160 629 335 675 Atheniensium
353 630 484 692 principem,
503 631 605 694 bortatur
622 631 716 677 comites
733 632 757 678 in

89 694 199 741 ultionem
208 710 216 751 3
233 692 360 754 frustraque
370 702 394 740 et
404 692 474 741 Ponti
485 695 566 755 sinum,
577 701 601 742 et
612 694 691 742 Asiam
702 695 758 743 edo·

89 760 169 808 mitam
180 774 231 806 esse
241 758 302 814 dicit,
313 758 332 805 si
344 758 479 806 Graecorum
490 774 536 806 non
547 767 593 806 tam
603 759 674 815 bellis,
689 776 757 822 quam
774 753 778 763 '

88 825 174 886 rapinis
194 829 292 886 puteant.
325 822 442 871 Auxilium
462 824 542 871 deinde
559 840 573 872 a
592 825 684 887 Sagillo,
703 841 758 889 rege

88 889 202 950 scythim,
220 889 292 951 petit:
311 904 384 951 genus
400 904 425 937 se
440 889 575 950 Scytharum
587 905 651 938 esse:
671 890 758 938 cladem

87 956 199 1010 virorum,
206 955 363 1001 necessitatem
371 969 492 1010 armorum,
498 955 550 1002 belli
557 970 636 1003 causes
643 956 756 1014 ostendit3

87 1027 248 1080 mecumque
262 1020 353 1074 virtute,
370 1035 400 1066 ne
414 1022 531 1081 segniores
545 1021 705 1068 virisseminas
716 1022 757 1069 ba·

86 1085 142 1132 bere
153 1083 247 1145 Scythae
253 1085 390 1131 riderentur.
423 1084 505 1133 Motus
518 1086 557 1132 ille
570 1086 694 1133 domestici
703 1087 757 1148 glo·

87 1148 128 1204 rid,
145 1150 217 1196 mittit
229 1164 281 1196 cum
294 1150 382 1212 ingenti
393 1152 493 1211 equitatu
502 1149 573 1196 filium
586 1150 756 1212 Panasagorunr

85 1214 110 1261 in
121 1214 240 1261 auxilium.
273 1214 318 1261 Sed
328 1223 381 1262 unte
391 1214 496 1277 proelium
507 1215 646 1262 dissensione
661 1214 716 1271 orti,
728 1218 757 1264 ab
774 1215 778 1220 ’

87 1280 180 1327 auxiliis
197 1280 299 1334 desertae,
319 1280 378 1327 bello
391 1281 419 1327 ab
430 1280 605 1327 Atheniensibus
615 1281 752 1328 vincuntur:

86 1344 254 1406 receptaculum
272 1351 347 1391 tamen
362 1342 459 1392 bahudre
474 1352 547 1392 castra
563 1345 681 1400 sociorum,
697 1360 754 1407 quo·

85 1425 138 1458 rum
155 1410 238 1457 auxilio
249 1410 340 1457 intactae
351 1410 379 1457 ab
388 1410 438 1458 aliis
448 1411 561 1472 gentihus,
576 1411 599 1457 iu
610 1425 706 1472 regnum
718 1426 753 1457 re·

84 1482 215 1523 vertuntur.
247 1473 305 1522 Post
323 1474 581 1526 OtrerenPenthesilea
595 1489 668 1537 regno
684 1476 755 1537 potita

84 1548 136 1589 est:
157 1541 228 1603 quus,
250 1538 350 1603 Trojrrno
371 1540 436 1595 bello,
455 1542 514 1588 inter
533 1539 668 1587 fortissimos
685 1541 753 1596 viros,

83 1621 139 1652 cum
150 1604 258 1652 auxilium
270 1606 377 1653 adversus
389 1606 486 1653 Graecos
496 1605 570 1661 ferret,
591 1620 673 1668 magns
683 1605 755 1653 virtu·

82 1672 115 1719 tis
126 1670 263 1718 documenta
273 1668 387 1718 exstitdre.
422 1668 546 1718 Interfectd
556 1672 645 1722 demum
653 1670 753 1718 Penthe·
777 1725 780 1735 ἢ

81 1734 147 1790 siled,
158 1736 303 1798 exercituque
312 1737 361 1799 ejus
368 1737 477 1791 absumo,
488 1751 573 1799 paucae,
584 1752 636 1798 quae
647 1737 670 1782 in
682 1752 754 1799 regno

81 1807 247 1856 remanserant,
259 1816 320 1864 aegre
329 1816 354 1848 ae
364 1802 472 1848 adversus
482 1800 589 1849 finitimos
600 1800 752 1857 defendentes,
776 1857 778 1862 ,

82 1881 157 1929 usque
173 1873 274 1928 tempora
292 1866 416 1916 Alexandri
428 1866 512 1931 Magni
523 1868 666 1915 duraverunt
701 1866 753 1914 Ha·

81 1946 135 1979 rum
155 1930 278 1993 Minitbya,
301 1932 350 1978 sive
371 1931 504 1987 Tbelestris,
526 1935 611 1995 regina,
633 1932 753 1979 concubitu

79 1996 210 2044 Alexandri
220 2012 262 2058 per
272 1996 319 2043 dies
329 1997 436 2044 tredecim
448 1998 476 2044 ad
491 1998 591 2044 sobolem
602 2012 631 2044 ex
642 2013 670 2043 eo
681 2010 753 2057 geue·
770 2043 777 2051 .

79 2061 177 2120 rapdam
195 2061 293 2116 obtento,
309 2076 399 2109 reverse
416 2063 439 2108 in
456 2077 559 2125 regnum,
575 2062 638 2109 brevi
652 2069 754 2123 tempore

81 2142 136 2175 curn
149 2127 210 2173 omni
221 2124 367 2173 Amazonum
378 2128 471 2174 nomine
480 2127 599 2174 intercidit

115 2190 149 2238 V.
166 2190 261 2252 Scythae
271 2201 346 2238 autem
358 2191 423 2240 tertii
438 2193 580 2253 expeditione
591 2188 682 2245 Asiani,
699 2207 753 2238 cum
775 2179 778 2185 ¹

82 2257 150 2305 annis
161 2262 214 2302 octo
230 2271 244 2302 u
262 2258 395 2319 conjugibus
406 2265 430 2304 et
439 2257 516 2304 liberis
531 2255 659 2311 abfuissent,
676 2258 752 2303 servili

81 2322 143 2376 bello
162 2321 223 2368 domi
242 2322 390 2382 excipiuntur.
424 2321 516 2383 Quippe
536 2323 646 2383 conjuges
666 2337 753 2376 eorum,

80 2385 155 2449 longi
173 2387 341 2447 exspectatione
359 2388 460 2434 uirorum
473 2385 546 2440 fessae,
567 2402 608 2433 nec
620 2388 669 2447 jum
682 2388 753 2434 teneri

82 2451 151 2504 bello,
162 2451 203 2499 aed
214 2451 299 2498 deletos
310 2457 371 2507 ratae,
389 2453 461 2499 servis
471 2452 499 2499 ad
510 2453 634 2498 custodiam
644 2466 752 2514 pecorum

82 2517 168 2564 relictis
186 2517 288 2563 nubunt:
307 2519 345 2577 qui
361 2532 464 2564 reversos
475 2532 526 2563 curn
537 2516 631 2564 victorii
641 2516 753 2570 dominos,

82 2581 148 2629 velut
157 2581 263 2636 advenas,
274 2582 354 2629 armati
362 2581 443 2629 linibus
454 2582 578 2643 prohibent
603 2581 692 2634 Quibus
700 2594 752 2625 cum

81 2646 147 2693 rana
164 2646 259 2693 victoria
274 2645 361 2702 fuisset,
383 2646 532 2694 admonentur
554 2646 647 2705 Scythae
665 2650 768 2706 mutare·

81 2725 157 2776 genus
167 2725 259 2776 pugnae,
281 2726 394 2761 memores
404 2727 451 2760 non
462 2726 513 2759 cum
525 2710 632 2766 hostibus.
644 2707 684 2756 sed
699 2720 752 2754 cum

869 2619 896 2679 r'
