1800 2942
148 217 198 262 ³90
254 207 393 262 JUSTINI
410 205 465 257 Lu.
477 203 604 256 xxxix
621 203 722 257 cana

149 341 259 390 Antiochi
273 339 394 395 interfecti,
412 355 425 388 a
439 354 495 402 rege
509 338 645 386 Parthorum
657 338 683 385 io
693 337 778 387 loculo
792 353 833 386 ar·

150 417 235 471 genteo
246 407 274 454 ad
286 406 424 469 sepultumm
435 404 459 450 in
471 404 560 464 Syriam
571 402 699 458 remiatum,
713 419 830 467 nuperve-

149 473 200 530 nit3
217 471 279 533 quod
297 486 350 518 cum
369 469 457 533 ingenti
475 469 550 515 studio
568 468 696 514 civitatium
717 478 744 516 et
764 470 830 531 regia

150 536 277 584 Alexandri
297 536 326 583 ad
351 532 484 582 firmandam
504 532 587 580 subulae
608 530 677 578 fidem
700 535 830 596 excipitur.

151 601 212 656 Qum
222 616 260 648 rea
274 601 307 647 illi
322 614 432 662 magnum
442 598 544 645 savorem
554 597 697 659 popularium
713 599 830 646 concilia·

149 667 201 724 vlt;
217 667 321 714 omnibus
338 680 384 712 non
395 663 460 710 lictae
475 664 499 709 in
513 678 548 716 eo,
565 663 605 708 aed
615 676 691 716 veras,
707 662 829 724 lacrymat

149 731 337 778 exiatimantihua.
369 728 502 776 Demetrius
518 733 599 781 autem,
616 727 693 772 victua
708 728 740 774 ab
752 729 828 775 Alex.
891 776 892 797 Χ

150 795 229 852 andro,
246 809 298 842 cum
309 794 407 855 undique
422 792 617 839 circumstantibus
631 790 698 838 mufia
708 807 829 853 premere·

149 867 194 913 tur,
209 859 238 906 ad
247 869 386 920 postremum
397 858 465 905 etiam
476 858 504 904 ab
514 870 584 902 uxore
593 854 693 916 filiisque
703 856 829 904 deseritur.

150 923 254 971 Relictua
265 924 340 985 igitur,
352 937 403 968 curn
414 923 492 984 paucis
502 920 597 967 nervulia
608 935 659 967 cum
671 918 777 980 Tyrum,
788 938 825 969 re-

149 989 235 1050 ligione
246 987 323 1049 templi
334 1002 359 1033 ae
367 985 507 1041 defensurus,
517 986 617 1047 petisset,
629 985 683 1031 navi
692 987 825 1045 egrediens,

148 1051 249 1115 praefecti
255 1053 322 1114 juaau
333 1050 474 1098 interficitur,
507 1050 573 1097 Alter
584 1064 615 1096 ex
625 1047 684 1104 hliir,
702 1050 822 1107 Seleucus,

150 1133 409 1230 ,r
426 1116 560 1228 ‘lttltt
575 1114 824 1225 tenure

415 1199 421 1237 ς
805 1197 823 1227 ι-

150 1247 252 1296 tudinem
261 1261 387 1309 cognomen
397 1245 491 1307 Grypua
496 1215 548 1299 luit,
556 1195 597 1290 rga
604 1194 622 1289 al
625 1252 700 1290 matre
708 1196 821 1292 hactaegnnua

152 1313 301 1366 constituitur,
318 1319 344 1357 ut
354 1324 437 1357 nornen
448 1310 509 1371 regia
519 1324 588 1370 perrea
598 1306 676 1363 filium,
694 1309 731 1355 via
743 1319 821 1357 autem

153 1378 227 1438 omnia
237 1377 323 1439 imperii
334 1389 404 1436 penei
414 1381 509 1421 matrem
520 1380 587 1420 eaaet.
640 1369 643 1375 ’

184 1440 219 1488 IL
235 1441 281 1488 Sed
287 1440 423 1494 Alexander,
433 1446 544 1501 occupato
553 1438 626 1498 Syriae
634 1452 715 1500 regno,
727 1444 820 1486 tument

84 1559 87 1570 ι
152 1521 257 1553 aucceoau
268 1520 350 1559 rerum,
362 1519 466 1567 apernere
471 1504 598 1580 jam'etiam
608 1503 682 1564 ipsum
692 1502 819 1582 Ptolemae·

151 1569 774 1697 tlhlttlttffirhlllttslttthhtttil
783 1582 821 1679 :t

151 1701 209 1747 roria
219 1698 298 1761 gratii,
310 1700 424 1746 deatruere
437 1698 558 1744 Alexandri
569 1710 673 1758 regnum,
691 1697 756 1756 quod
767 1697 819 1744 odio

151 1764 272 1820 Demetrii,
293 1764 378 1810 viribur
397 1764 443 1810 auia
454 1763 603 1823 acquisierat,
625 1762 721 1807 aummia
739 1763 820 1822 opibua

151 1829 256 1877 inatituit.
288 1827 363 1874 Mittit
380 1828 451 1889 igitur
467 1827 570 1889 ingentia
588 1825 671 1887 Grypo
687 1825 779 1880 auxilia,
796 1834 820 1872 et

151 1893 220 1941 liliam
236 1890 389 1954 Tryphaenam
402 1892 483 1954 Grypo
497 1898 623 1953 nupturam,
640 1897 666 1937 ut
681 1889 780 1951 populos
796 1890 820 1937 in

152 1959 259 2007 auxilium
271 1957 365 2018 nepotis,
377 1972 423 2003 non
432 1959 539 2004 societate
547 1963 634 2003 tantum
642 1954 701 2009 belli,
708 1969 790 2001 verum
798 1963 821 2002 et

153 2024 260 2072 affinitate
269 2020 309 2069 aud
317 2021 454 2069 sollicitaret.
486 2021 538 2068 Nec
546 2018 737 2067 reat'ruatraiuit:
756 2034 819 2077 nam,

154 2105 206 2137 cum
221 2103 300 2136 omnes
312 2086 417 2148 Grypum
432 2088 567 2133 iniunctum
578 2084 677 2147 AEgypti
687 2085 775 2131 viribus
786 2084 819 2131 vi·
890 2135 891 2144 ἵ

153 2154 238 2208 derent,
250 2153 355 2215 paulatim
367 2153 394 2198 ab
405 2151 536 2198 Alexandro
547 2149 642 2197 deiicere
649 2146 748 2212 coepdre.
782 2148 820 2195 lm

153 2218 249 2278 denique
263 2218 322 2264 inter
337 2232 402 2279 reges
413 2216 524 2278 proelium,
540 2230 585 2276 quo
595 2215 669 2261 victua
681 2212 818 2268 Alexander,

153 2282 298 2329 Antiochiam
309 2281 415 2344 profugit
448 2279 484 2327 Ibi
500 2281 566 2343 inopa
581 2278 691 2343 pecuniae,
707 2293 760 2325 eum
777 2279 817 2325 ati·
890 2275 891 2318 l

152 2346 234 2408 pendia
249 2346 356 2393 militibua
370 2347 482 2399 decorent,
499 2345 583 2408 templo
593 2343 660 2393 Jovia
676 2343 773 2391 solidum
783 2355 818 2390 'ex

153 2425 209 2457 auro
220 2408 329 2457 Victoriae
340 2412 430 2473 signum
445 2411 494 2457 tolli
504 2411 576 2473 jubet,
592 2409 672 2458 facetia
677 2410 739 2471 Jocio
750 2409 819 2455 oacri-

152 2473 239 2536 legium
256 2475 455 2522 circumscribens:
474 2491 527 2523 nam
543 2473 670 2522 Victoriam
688 2473 819 2521 commoda-

153 2544 201 2585 tam
217 2539 258 2584 aibi
274 2539 302 2585 ab
319 2538 380 2587 Jove
397 2556 447 2588 eoae
466 2542 560 2588 dicebat.
593 2538 722 2602 Inteq'ectia
740 2538 819 2586 deinde

154 2602 238 2657 diebus,
255 2617 306 2650 cum
317 2604 388 2665 ipaiua
398 2604 466 2653 Jovia
477 2620 570 2653 aureum
582 2605 728 2652 simulacrum
739 2602 820 2652 induiti

153 2665 258 2725 ponderis
268 2667 337 2714 tacite
347 2670 414 2715 evelli
420 2671 534 2733 juariaoet,
542 2671 741 2734 deprehensusque
750 2669 774 2716 in
785 2684 820 2717 aa·

152 2728 253 2793 01112850»
269 2746 381 2781 concursu
396 2735 548 2785 multitudinia
562 2743 624 2787 earet
632 2736 659 2786 in
672 2733 754 2800 turen
768 2750 820 2783 ver·
