1800 2942
146 167 196 211 412
267 161 404 214 JUSTINI
421 161 474 211 Lan
484 158 581 212 XLIII.
599 159 694 212 cas

149 292 207 341 ant
222 292 393 342 Pbocaeensium
404 293 521 355 juventus,
540 292 600 338 ostio
610 289 703 339 'liberie
721 292 820 346 inrecta,

148 359 268 406 amicitiem
290 374 341 406 cum
365 358 475 405 Romanis
493 357 584 419 junxit:
609 357 662 402 inde
681 357 708 403 in
726 358 822 404 ultimos

150 423 233 471 flutio
247 424 312 471 sinus
324 424 417 469 naribus
432 422 538 484 profecta,
555 421 681 467 Massiliam
700 423 763 468 inter
780 420 821 468 Li·

148 502 218 551 gures
228 496 251 534 et
261 488 320 534 feras
330 497 411 551 gentes
422 487 541 534 Gallorum
550 486 650 532 condidit
656 504 664 542 ;
676 501 821 547 magnusque

149 568 193 607 res,
205 553 253 600 sive
268 554 320 599 dum
338 554 405 599 armis
422 567 446 598 se
462 552 569 598 adversm
580 550 694 598 Gallicam
706 551 820 597 feritatem

150 624 248 670 tuentur,
266 618 314 664 rive
328 617 381 664 dum
398 617 459 664 ultro
474 617 593 668 lacessunt,
608 616 716 675 aquibus
730 615 822 663 fuerant

148 690 202 729 unte
228 683 332 737 lacessiti,
357 688 484 744 gesserunt.
529 679 635 741 Namque
658 678 822 736 Phocaeenscs,

148 747 272 808 exiguitate
291 762 318 794 sc
336 748 408 794 mscie
427 756 494 793 terrae
513 745 590 792 coacti.
613 745 742 791 studiosius
759 760 822 792 marc

149 825 216 872 quam
237 817 308 858 terres
329 808 463 858 exercuere:
483 809 597 871 piscando,
619 811 751 863 mercando,
772 810 820 872 ple-

149 889 245 935 rumque
260 876 328 921 etiam
344 875 463 923 latrocinio
478 875 551 926 maris,
570 874 631 934 quod
648 874 693 921 iilis
710 875 821 936 tempori·

147 939 191 985 bue
202 939 281 1001 gloriae
299 940 427 994 habebatur,
446 940 516 987 vitam
534 938 667 985 tolerabant.
702 936 819 1001 Itaquein

150 1004 251 1050 ultimam
264 1002 350 1051 Oceani
362 1020 424 1051 oram
436 1004 558 1066 procedere
568 1004 623 1056 ausi,
634 1004 659 1049 in
673 1004 751 1054 sinum
766 1004 821 1051 Gal-

149 1067 218 1115 licum
239 1068 298 1116 ostio
321 1069 426 1116 Rhodani
445 1068 518 1116 amnis
538 1066 665 1114 devenere:
692 1071 760 1131 quus
778 1068 822 1115 ioci

151 1133 283 1181 amoenitute
304 1135 370 1195 capti,
393 1135 477 1181 reversi
500 1133 598 1187 domum,
620 1132 749 1181 reserentes
773 1148 823 1194 quse

149 1197 260 1253 viderant,
274 1199 349 1260 piures
366 1195 523 1245 sollicitavere.
554 1197 634 1244 Duces
649 1198 731 1245 classis
746 1199 823 1247 Simos

149 1270 175 1310 et
195 1263 271 1311 Protis
297 1261 367 1310 fuere.
412 1261 492 1324 linque
520 1277 596 1323 regem
624 1261 822 1325 Segobrigiorum,

149 1326 259 1376 Nannum
277 1329 374 1381 nomine,
393 1328 417 1373 in
434 1329 498 1390 cujus
516 1325 597 1372 finibus
619 1328 698 1372 urbem
723 1329 823 1375 condere

150 1394 283 1456 gestiebant,
302 1393 423 1439 amicitiam
445 1398 549 1454 petentes
568 1392 717 1438 conveniunt.
754 1392 824 1440 Forte

150 1472 178 1505 eo
189 1458 226 1505 die
236 1473 277 1505 rex
292 1463 414 1519 occupatus
429 1458 453 1504 in
468 1464 574 1518 apparatu
593 1457 725 1517 nuptiarum
739 1459 824 1521 Gyptis

149 1520 203 1568 filiae
219 1532 266 1570 erat
275 1540 283 1579 ;
300 1538 374 1584 quam,
390 1536 454 1569 more
472 1522 555 1583 gentis,
575 1520 648 1567 electo
665 1522 730 1568 inter
746 1525 824 1585 epulas

149 1600 235 1649 genero
251 1597 345 1650 nuptum
365 1587 451 1634 tradere
470 1586 515 1633 illic
534 1586 632 1647 parebat.
667 1584 754 1646 ltaque
771 1603 824 1635 cum

149 1651 178 1698 ecl
194 1654 285 1714 nuptias
305 1653 393 1700 invitati
418 1667 497 1699 omnes
517 1652 579 1712 proci
600 1658 687 1705 essent,
712 1662 825 1715 rogantur

149 1716 217 1761 etiem
241 1717 318 1764 Graeci
341 1717 439 1779 hospites
461 1717 489 1763 od
509 1716 647 1763 convivium.
683 1713 822 1765 Introducts

150 1779 231 1827 deinde
246 1783 320 1843 virgo,
338 1796 389 1828 cum
404 1782 523 1844 juberetur
538 1795 552 1825 a
568 1788 631 1842 patre
649 1794 735 1840 aquam
752 1784 826 1845 porri-

56 1895 59 1898 ,
149 1859 204 1907 gere
214 1844 242 1900 ei,
257 1861 324 1906 quem
336 1847 408 1893 uirum
421 1846 521 1908 eligeret,
532 1853 593 1898 tunc,
605 1845 696 1891 omissis
707 1848 823 1901 omnibus,

151 1910 179 1957 sd
194 1910 289 1957 Graecos
311 1926 425 1966 conversa,
448 1925 528 1971 uquam
549 1908 613 1956 Proti
634 1910 752 1973 porrigit3
776 1914 823 1974 qni,

149 1974 223 2022 factus
238 1991 268 2022 ex
287 1977 373 2038 bospite
390 1990 470 2037 gener,
490 1975 564 2021 locum
583 1974 709 2021 condendae
731 1978 794 2023 urbis
811 1991 825 2023 a

150 2038 559 2159 ztt'ttitiinititdis
572 2038 824 2156 diffiniri&

150 2169 206 2229 gulo
221 2170 296 2216 maris.
329 2169 374 2216 Sed
391 2168 497 2231 Ligures,
515 2169 660 2215 incrementis
680 2170 746 2216 urbis
764 2172 826 2218 invi·

149 2231 234 2286 dentes,
252 2233 347 2280 Graecos
361 2234 455 2279 assiduis
466 2234 531 2280 bellis
540 2233 682 2293 fatigabant3
700 2236 749 2294 qui,
762 2237 823 2298 peri·

149 2294 199 2339 cula
206 2297 362 2357 propulsando,
373 2298 396 2342 iu
404 2304 492 2343 tantum
499 2299 634 2351 enituerunt,
648 2305 680 2351 ut,
690 2300 761 2346 victis
769 2302 823 2347 bos·
884 2327 885 2332 =

148 2357 214 2411 tibus,
226 2359 249 2404 in
260 2361 353 2421 captivis
363 2362 424 2421 egris
434 2361 518 2408 multas
523 2362 622 2407 coioniss
634 2363 813 2411 constituerent.

182 2418 228 2466 lv.
246 2423 283 2468 Ab
298 2424 332 2470 bis
347 2425 417 2484 igitur
433 2424 495 2471 Galli
513 2434 537 2471 et
556 2440 620 2471 usum
637 2425 694 2472 vitae
708 2429 823 2483 cultioris,

150 2483 250 2544 deposita
261 2493 284 2531 et
294 2487 446 2534 mansuefacti
457 2487 564 2544 bnrburici,
576 2496 599 2535 et
613 2503 723 2550 agrorum
738 2493 822 2546 cultus,
883 2501 884 2512 ¹

147 2554 172 2592 et
183 2548 249 2594 urbes
264 2551 375 2596 mcenibus
390 2551 489 2612 cingere,
507 2553 638 2598 didicerunt.
669 2551 743 2601 Tunc
753 2564 780 2603 et
789 2556 825 2603 ie-

147 2610 220 2667 gibus,
242 2626 288 2658 nen
310 2615 384 2667 armis.
404 2616 498 2672 vivere;
516 2624 572 2662 tnnc
589 2624 613 2662 et
634 2617 708 2663 vitem
729 2628 819 2681 portare,

146 2679 202 2719 tuno
215 2674 297 2723 olivam
311 2690 391 2726 serere·
402 2687 582 2728 consueverunt:
601 2680 706 2742 adeoque
718 2697 824 2749 magnino
