1800 2942
223 174 360 240 Ju'srnu
375 183 514 235 raam.
529 182 623 239 cans
712 188 759 237 aar
807 144 812 151 ¹

85 318 145 374 irum,
156 325 189 372 ut
200 331 296 378 quorum
308 317 375 364 annis
385 317 459 364 victos
469 332 495 364 ae
505 316 602 370 doleant,
614 328 692 363 corum
703 328 755 361 mu·

88 386 136 431 tuis
158 382 255 430 caedibus
276 381 405 444 gaudeaut3
427 388 626 443 parentaturosque
646 379 756 441 sanguine

86 465 132 499 auo
142 448 244 495 manibus
255 448 352 494 hosfium
363 461 377 493 a
387 460 413 494 se
422 446 598 493 interfectorum.
621 476 624 482 ·

121 511 168 561 1v.
185 511 247 559 Haec
257 526 308 562 curn
319 527 360 573 pro
371 511 479 573 singulari
488 508 592 559 facundii
603 506 643 556 sui
660 506 753 556 Perdic-
810 548 812 555 .

86 593 115 626 na
122 575 255 641 perorisset,
265 576 321 624 adeo
332 576 404 623 movit
412 576 506 637 pedites,
517 582 549 630 ut,
561 575 653 636 probato
659 573 759 621 oonsilio⁴

88 644 145 706 ejus,
167 642 215 688 dux
232 642 260 688 ab
281 641 383 687 omnibus
396 641 518 702 legeretur.
548 638 609 686 Tum
627 640 712 699 equites
729 639 754 684 in

86 708 232 756 concordiam
243 706 349 759 revocati,
359 705 383 752 in
395 705 511 755 Aridaeum
518 719 596 765 regem
603 702 755 753 conuentiunt·

89 772 187 821 Servata
196 778 232 817 est
242 770 315 832 portio
327 770 391 831 regni
402 770 527 817 Alexandri
537 768 591 822 filio,
608 769 627 814 si
639 775 706 815 uatus
716 783 753 814 aa·

88 844 131 884 aet.
166 834 228 882 Hoec
244 835 346 897 agebam,
363 835 437 895 posito
452 835 477 880 in
491 834 566 880 medio
576 848 669 894 corpore
680 832 753 880 Alex-

87 901 159 956 andri,
171 907 197 947 ut
207 900 311 960 majestas
321 900 370 961 ejus
380 900 445 946 testis
455 899 595 946 decretorum
606 905 673 945 esset.
705 896 754 945 Hic

84 967 119 1014 ita
128 965 266 1027 compositis.
278 963 421 1011 Macedonia
427 972 451 1011 et
459 965 557 1013 Graeciae
569 964 687 1025 Antipater
693 976 753 1023 prte-

85 1031 193 1094 ponitur:
212 1029 283 1091 regiae
296 1030 398 1091 pecumae
414 1029 516 1075 custodia
533 1026 627 1076 Cratero
643 1026 750 1075 traditura

81 1102 219 1150 castrorum,
236 1094 356 1150 exercitis,
378 1101 402 1140 et
419 1108 494 1140 rerum
512 1107 567 1139 cura
589 1092 709 1153 Meleagro
730 1097 755 1139 et

85 1159 205 1209 Perdiccae
220 1159 361 1220 assignatur:
377 1159 514 1219 Jubeturque
529 1155 634 1202 Aridaeus
650 1170 691 1202 rex
701 1171 752 1202 cor·

83 1240 129 1288 pua
152 1224 275 1275 Alexandri
297 1224 321 1269 in
343 1220 481 1269 Hammonis
505 1219 613 1280 templum
635 1219 752 1268 deducere.

81 1289 155 1339 Tunc
162 1288 276 1344 Perdicca,
282 1286 384 1334 infensus
390 1286 504 1334 seditionis
512 1285 645 1337 auctoribus,
652 1291 753 1345 repente,

83 1356 167 1416 ignaro
177 1350 270 1415 collegi,
287 1352 441 1398 lustrationem
452 1357 575 1397 castrorum
586 1355 677 1412 propter
691 1363 753 1396 mor-

82 1428 133 1469 tem
153 1419 250 1480 regiain
267 1424 381 1478 posterum
396 1416 472 1462 edicit.
504 1414 626 1475 Postquam
641 1419 751 1461 armatum

83 1483 210 1531 exercitum
224 1483 247 1528 in
265 1497 344 1543 campo
357 1481 480 1535 constituit,
500 1479 690 1527 consentientibus
700 1479 751 1527 uni·

82 1549 165 1603 versis,
176 1547 339 1594 evocatosdum
347 1547 433 1598 transit,
446 1545 475 1592 rie
483 1544 578 1606 singulis
586 1543 703 1605 manipulis
714 1557 753 1595 se·-⁴

82 1613 180 1662 ditiosos
191 1611 299 1673 supplicio
309 1612 365 1658 tradi
376 1610 464 1658 occulte
471 1611 541 1671 Jubet
565 1608 681 1655 Reversus
692 1607 751 1664 indo,

84 1679 147 1727 inter
158 1677 267 1738 principes
278 1677 403 1737 provincias
418 1675 513 1730 dividit3
530 1673 597 1720 simul
608 1679 633 1720 ut
643 1680 667 1720 et
677 1687 751 1723 remo-

84 1749 152 1791 veret
163 1741 263 1795 aemulos,
283 1748 306 1787 et
316 1755 399 1786 munus
409 1740 495 1802 imperii
505 1738 606 1786 beneficii
617 1740 651 1785 sui
661 1737 753 1789 faceret.

84 1805 167 1854 Prima
183 1805 309 1853 Ptolcmaeo
325 1805 449 1867 AEgyptus,
472 1811 496 1852 et
514 1802 600 1851 Airicae
617 1803 752 1865 Arabiaque
770 1812 773 1817 '

82 1886 138 1934 pars
148 1876 210 1918 sorte
219 1871 288 1925 venit,
305 1885 371 1931 quem
382 1885 411 1917 ex
421 1869 527 1933 gregario
537 1869 608 1919 milite
622 1868 752 1916 Alexandea

82 1935 177 1984 vinutis
185 1933 254 1982 causi
262 1942 413 1997 provexerat:
432 1936 469 1981 cui
479 1934 507 1981 ad
518 1934 647 1982 traciean
658 1934 750 1995 provin·

83 2001 146 2047 marn
154 1998 296 2053 Cleomenes,
300 2000 338 2059 qui
347 2000 506 2049 Alexandriam
514 1998 668 2053 aedificaverat,
678 1998 751 2049 datur.

83 2063 208 2114 Confinem
224 2065 276 2111 huic
291 2065 413 2125 provinciae
428 2064 517 2125 Syriam
529 2063 662 2110 Laomedon
673 2061 751 2122 Mity-

81 2131 180 2185 lenaeus,
203 2127 306 2177 Ciliciam
321 2128 429 2184 Philotas,
447 2129 515 2177 Philo
531 2126 752 2189 Illyriosaccipiunt·

83 2193 175 2243 Mediae
191 2193 270 2256 majori
289 2197 421 2256 Atropatus,
446 2194 528 2240 minori
550 2206 614 2240 socer
635 2190 751 2240 Perdiccas

80 2258 231 2324 preponitur.
263 2258 358 2306 Susiana
373 2274 431 2321 gens
451 2259 534 2318 Scyno,
557 2256 658 2318 Phrygia
678 2257 751 2321 major

81 2325 205 2387 Antigono
215 2321 311 2385 Philippi
321 2323 367 2371 filio
378 2325 512 2385 assignatur.
540 2321 635 2383 Lyciam
646 2329 670 2368 et
680 2321 750 2369 Pam·

81 2388 186 2452 phyliam
198 2387 324 2443 Nearchus,
341 2387 430 2436 Cariam
443 2386 576 2442 Casander,
585 2385 682 2447 Lydiam
694 2386 749 2439 Me·

83 2453 172 2500 nander
183 2452 314 2499 sortiuntur.
333 2451 453 2500 Leonnato
461 2453 535 2498 minor
546 2451 649 2513 Phrygia
659 2452 750 2510 evenit3

80 2516 184 2565 Thracia
190 2525 213 2564 et
224 2518 328 2579 regiones
339 2517 430 2565 Pontici
440 2518 508 2564 maris
518 2515 669 2577 Lysimach03
688 2515 750 2577 Cap-

80 2582 178 2646 padocia
191 2597 243 2629 cum
261 2580 416 2644 Paphlagonii
433 2582 533 2631 Eumeni
551 2582 610 2628 (lata.
643 2581 751 2629 Summus

82 2655 211 2696 castrorum
223 2646 349 2695 tribunatus
360 2647 462 2700 Seleuco,
481 2646 589 2693 Antiochi
605 2643 658 2698 filio,
675 2644 751 2691 cessit.

83 2712 236 2775 Stipatorffius
258 2712 319 2776 regis
343 2711 520 2771 satellitibusque
530 2708 670 2819 3,Cassander
691 2705 750 2757 ntur

507 2788 519 2819 r
