1800 2942
157 196 206 242 876
257 190 395 243 JUsTINI
411 191 465 239 Lu.
475 188 616 239 xxxvn.
633 189 728 241 Canii

157 323 260 371 millibus
273 330 409 371 armatorum
428 321 573 376 deleverant;
594 321 632 381 qui
651 318 749 383 Cyrum,
769 321 833 371 Per

159 404 235 437 sarum
246 404 330 450 regem,
341 403 393 434 cum
409 386 512 433 ducentis
527 385 625 433 millibus
643 387 831 447 trucidaverant,

159 454 198 515 qui
210 452 345 516 Philippum,
357 451 512 498 Macedonum
527 465 612 512 regem,
628 450 799 513 fugaverant,
792 470 831 499 1n·

159 520 223 629 genti
240 518 346 564 felicitate
368 517 502 578 perdomuit.
539 515 629 562 Auctus
648 516 717 579 igitur
735 518 833 574 viribus,

182 590 261 630 ontum
269 597 365 644 quoque,
376 597 402 627 ac
410 582 516 643 deinceps
523 578 695 642 Cappadociam,
703 585 834 645 occupavit:

160 645 221 697 Cum
232 649 260 694 de
268 646 325 694 Asiis
334 654 445 701 tractaret,
456 648 538 692 tacitus
546 660 598 691 cum
606 646 738 706 quibusdam
749 649 830 695 amicis
895 685 896 700 ,

159 728 231 775 regno
241 712 362 774 profectus,
373 712 502 758 universam
514 711 616 774 (nemine
633 709 731 770 sciente)
746 728 829 772 perva-

159 785 226 839 gatus
237 786 278 832 est,
290 778 436 836 omniumque
452 777 539 822 urbium
551 776 618 822 situm
634 791 660 822 ac
671 777 778 837 regiones
789 793 828 824 co·

159 842 248 904 gnovit.
272 839 329 888 Inde
339 843 362 887 iu
371 839 503 902 Bithyniam
514 840 658 895 transcendit,
669 849 700 894 et,
713 843 779 902 quasi
786 842 826 888 do-

158 906 234 951 minus
245 905 315 960 Asiae,
327 912 454 967 opportuna
468 920 564 966 quasque
580 905 683 952 victoriae
694 921 743 952 suae
753 913 825 953 meta·

158 976 195 1017 tus
206 977 248 1017 est.
280 969 337 1016 Post
348 971 414 1016 baec'
408 985 431 1015 rn
443 985 547 1032 regnum,
559 985 611 1016 cum
617 971 667 1033 jam
678 972 764 1031 perisse
777 986 825 1018 cre·

159 1034 255 1088 deretur,
273 1050 377 1081 reversus
392 1042 436 1092 est,
454 1035 548 1082 invento
566 1036 661 1096 parvulo
676 1036 732 1092 lilio,
750 1052 824 1097 quem,

158 1114 199 1162 per
215 1100 338 1147 absentiam
359 1101 415 1162 ejus,
435 1098 536 1147 Iaodice
557 1115 621 1146 soror
640 1115 743 1161 uxorque
760 1102 826 1147 enixa

157 1164 239 1212 fuerat.
267 1165 317 1213 Sed
338 1165 396 1211 inter
417 1165 590 1226 gratulationem
613 1165 724 1212 advmtils
742 1168 785 1220 sui,
804 1172 826 1213 et

157 1227 198 1277 filii
209 1230 290 1293 geniti,
298 1245 386 1276 veneno
397 1230 536 1290 periclitatus
541 1238 591 1296 uest.
609 1230 718 1291 siquiden
727 1229 827 1278 Laodice

158 1310 229 1351 soror,
241 1310 293 1342 cum
305 1295 389 1356 perisse
403 1309 455 1341 eum
468 1295 576 1348 crederet,
592 1296 616 1340 in
626 1295 759 1344 omeubitus
770 1297 826 1342 ami·

159 1374 237 1406 corum
257 1361 369 1421 projecta,
396 1359 460 1420 quasi
486 1359 608 1405 admissum
631 1357 719 1405 facinus
742 1362 828 1423 majore

88 1435 91 1448 “
159 1425 244 1472 scelere
254 1431 333 1486 tegere
349 1432 432 1486 posset,
449 1438 562 1470 venenum
578 1423 706 1470 advenienti
724 1426 826 1486 paravits

159 1490 281 1550 quodcum
293 1504 323 1536 ex
334 1487 414 1535 ancillai
422 1487 567 1535 Mithridates
578 1488 731 1550 cognovisset,
740 1489 827 1536 facinus

159 1555 183 1601 iu
196 1562 298 1601 auctores
310 1554 438 1602 vindicavit.
895 1593 896 1610 ,

193 1617 238 1665 IV.
255 1617 341 1665 Hieme
351 1619 431 1666 deinde
438 1624 564 1679 appetente,
576 1632 622 1664 non
631 1620 654 1664 in
663 1620 777 1675 convivio,
788 1620 827 1666 sed

160 1682 184 1728 in
195 1699 289 1745 campo;
307 1698 353 1730 nou
369 1684 392 1729 in
403 1684 563 1738 vacationibus,
575 1684 648 1730 sedin
659 1686 827 1732 exercitationi-

159 1748 215 1804 bus;
234 1763 275 1794 nec
292 1748 351 1795 inter
365 1747 459 1803 sodales,
475 1749 514 1794 sed
525 1749 584 1794 inter
594 1748 700 1809 equales,
711 1756 751 1796 uut
761 1765 827 1811 equo,

159 1819 198 1859 aut
220 1827 294 1865 cursu,
318 1820 357 1859 aut
383 1813 467 1860 viribus
493 1812 650 1860 contendebat
691 1813 827 1862 Exercitum
895 1841 896 1844 =

157 1892 249 1953 quoque
260 1892 325 1923 suum
338 1878 366 1923 ad
376 1893 453 1938 parem
463 1878 545 1925 laboris
556 1878 687 1954 patientiam
697 1878 829 1955 quotidiani

113 2001 114 2005 Ἰ
159 1943 320 1990 exercitatione
330 1942 436 1988 durabat·
430 1950 522 2004 ,atque
534 1943 567 1989 ita
583 1943 703 1990 invictus
697 1959 746 2005 ipse
763 1945 828 1991 inex·

175 2008 303 2071 ugnabilem
321 1978 446 2053 exercitaris
464 2007 557 2054 iecerat
593 2005 654 2054 Inita
672 2009 754 2055 deinde
775 2024 829 2056 eum

159 2023 288 2120 ilicomede
299 2072 413 2128 societate,
426 2072 604 2134 Paphlagoniam
621 2057 714 2129 invadit,
732 2075 827 2122 victam-

160 2153 204 2196 que
215 2153 266 2183 cum
279 2139 340 2184 socio
351 2137 435 2183 dividit.
470 2137 548 2191 Quam
564 2153 615 2184 cum
629 2140 703 2185 teneri
713 2153 727 2185 a
739 2140 828 2201 regibus

159 2204 247 2249 senatui
258 2204 384 2249 nuntiatum
395 2210 461 2257 esset,
476 2202 565 2277 legatos
582 2204 611 2249 ad
625 2211 747 2264 utrumque
760 2204 828 2257 misit,

160 2266 197 2324 qui
216 2276 309 2327 gentem
329 2267 415 2313 restitui
433 2267 457 2312 in
476 2268 595 2328 pristinum
614 2274 699 2313 statum
715 2270 830 2330 juberent.

82 2348 84 2352 ·
159 2326 312 2386 Mithridates,
330 2345 382 2377 cum
395 2347 420 2377 se
430 2332 480 2393 J'am
490 2347 567 2393 parem
578 2333 730 2393 magnitudini
742 2333 829 2380 Roma-

158 2406 240 2439 norum
268 2396 373 2450 crederet,
399 2397 494 2457 superbo
518 2411 633 2457 responso,
660 2397 827 2444 baercffitarium

159 2458 217 2518 patri
233 2472 275 2504 suc
291 2474 386 2534 reguum
403 2461 529 2514 obvenisse,
553 2461 685 2537 responditr
706 2462 828 2522 mirarique

158 2535 189 2575 se,
201 2522 261 2582 quod
274 2537 325 2582 quae
341 2524 361 2569 ei
378 2525 447 2571 relata
464 2527 619 2572 contravenit
629 2540 681 2570 non
696 2525 772 2582 suerit,
785 2526 827 2573 sibi

156 2584 273 2632 referatur.
314 2586 365 2634 Nec
388 2589 479 2635 territus
503 2589 580 2646 minis,
603 2589 717 2636 Galatiam
736 2605 826 2652 quoque

124 2657 128 2664 ··
156 2658 259 2711 occupat.
300 2649 443 2708 Nicomedes,
463 2654 568 2714 quoniam
587 2668 617 2702 se
633 2654 716 2701 tueri
705 2670 761 2717 Jure
779 2668 825 2702 non
