1800 2942
198 168 336 222 JUSTINI
352 168 407 220 Lm.
417 168 503 220 XLII.
520 169 581 219 Car.
594 173 618 218 5.
691 173 739 219 407

80 305 103 352 iu
126 298 216 350 Partbib
234 301 335 348 nuntiata
354 305 436 355 esseut,
459 299 554 353 Orodes,
572 304 636 361 peter
652 296 740 355 Pacori

81 367 119 429 qni
129 367 193 427 paulo
203 373 256 416 unte
265 372 375 413 vastatam
387 365 485 425 Syriam,
496 371 626 426 occupatam
637 361 717 414 Asiam
728 379 742 411 u

8 438 11 468 ἲ
82 431 169 480 Parthis
179 432 286 484 audierat,
298 430 450 489 victoremque
462 429 574 477 Pacorum
585 427 741 476 Romanorum

82 497 222 559 gloriabatur,
243 502 334 556 repente
352 493 391 541 lilii
410 501 490 550 morte,
512 499 536 541 et
551 494 662 541 exercitiis
680 493 744 542 aare

8 569 9 590 ³
84 558 432 614 auditiexdoloreiniururem
442 559 544 606 vertitur.
575 557 743 610 Multisrliebus

8 633 9 636 ’
82 640 130 674 non
147 625 229 685 alloqui
250 639 392 686 quemquam,
414 638 462 672 non
483 625 556 670 cibum
578 638 674 678 sumere,
695 636 743 670 nou

83 704 160 739 vocem
176 690 272 744 mittere,
289 691 321 737 ita
336 695 361 735 nt
375 689 441 741 etiam
453 696 529 736 mutus
538 688 612 735 sactus
621 688 743 735 videretur.

82 755 141 803 Post
151 755 233 802 multos
244 754 325 801 deinde
335 754 389 810 dies,
406 755 444 802 ubi
459 754 522 801 dolor
531 768 613 800 vouem
621 752 744 805 laxaverat,

84 818 140 868 nibil
150 819 210 875 obad
221 835 286 880 qnam
299 818 410 868 Pacorum
421 820 531 866 vocabat:
551 817 655 865 Pacorus
661 817 695 863 illi
710 817 744 862 vi-

82 885 138 937 deri,
155 882 254 934 Pacorus
264 885 335 934 audiri
346 884 478 941 videbatnr3
494 898 546 931 oum
556 883 595 929 illo
605 883 677 943 loqui,
692 895 745 928 cum
786 925 789 929 .

83 950 124 998 illo
143 946 279 998 consisteret
304 948 415 1002 interdum
434 949 499 1009 quasi
519 949 625 998 emissum
643 946 747 994 flebiliter

84 1014 178 1065 dolebat,
211 1012 269 1064 Post
278 1013 372 1075 longum
379 1013 461 1059 deinde
466 1013 558 1067 luctum,
568 1013 612 1059 alia
620 1010 746 1058 sollicitudo

82 1078 233 1131 miserandum
244 1092 321 1126 senem
331 1077 423 1129 invadit,
433 1092 499 1137 quem
510 1092 539 1123 ex
549 1091 644 1124 numero
654 1076 748 1138 trig'ota

81 1142 179 1194 filiorum
195 1144 220 1189 ia
237 1143 313 1192 locum
333 1141 414 1191 Pauori
430 1155 509 1203 regem
526 1141 632 1187 destinet.
661 1139 747 1189 Multa

80 1207 179 1271 pellices,
196 1209 319 1268 exquibus
326 1213 435 1269 generata
447 1214 510 1254 tauta
515 1206 624 1268 juventus
634 1210 688 1259 enat,
704 1219 746 1266 pru

80 1273 129 1320 suis
150 1288 247 1333 quaque:
266 1272 376 1329 sollicitae,
403 1271 503 1320 animum
528 1270 589 1317 senis
609 1268 748 1319 obambiunt.

66 1399 69 1400 γ
81 1337 130 1387 sed
140 1336 211 1386 fatum
223 1336 321 1386 Parthiae
331 1336 380 1391 fuit,
389 1334 525 1399 in'quijum
533 1336 596 1397 quasi
604 1334 748 1382 solleaueest

82 1416 151 1464 reges
167 1402 287 1463 parricidas
303 1402 385 1457 haberi,
400 1409 426 1447 nt
443 1400 627 1449 sceleratissimus
639 1398 746 1448 ¹orrrrrium

82 1467 179 1530 (etipse
190 1466 314 1516 Pbrabates
322 1464 426 1526 nomine)
437 1480 480 1514 rex
490 1472 638 1513 statueretur,

112 1530 151 1585 hv.
167 1530 415 1600 ammonitarum
427 1526 571 1585 oolletmori,
582 1528 747 1591 parentum·

8 1607 10 1610 '
80 1593 155 1652 'fecit5
172 1595 251 1643 fratres
262 1610 350 1657 quoque
366 1610 445 1642 omnes
460 1596 555 1657 triginta
566 1594 671 1642 trucidat
683 1637 686 1640 .
700 1593 748 1641 sod

83 1676 128 1708 nec
147 1661 170 1706 in
184 1660 236 1707 filiis
251 1670 340 1707 cessant
354 1660 478 1722 parricidia.
509 1659 570 1706 Nam
586 1673 637 1706 cum
652 1656 748 1705 infestos

83 1725 128 1773 sibi
148 1726 266 1786 optimates
286 1729 377 1787 ‘propter
394 1725 484 1771 ussiduu
502 1724 586 1770 scelera
602 1723 696 1778 videret,
718 1736 748 1769 ne

80 1796 148 1837 esset
158 1790 195 1850 qui
206 1791 316 1836 nominari
331 1804 372 1835 rex
381 1797 465 1851 posset,
482 1789 582 1835 adultum
592 1786 663 1835 filium
677 1788 748 1834 inter-
830 1805 841 1824 ·

82 1852 124 1902 fici
131 1854 204 1915 jubet.
239 1852 301 1900 Huic
311 1854 435 1908 Antonius,
447 1860 538 1915 propter
551 1852 658 1900 auxilium
669 1852 748 1899 adver·

82 1934 126 1966 sus
138 1933 163 1965 se
174 1925 197 1964 et
209 1915 323 1966 Caesarem
334 1918 412 1972 latum,
428 1918 512 1966 bellum
528 1933 581 1965 curn
595 1917 693 1965 sedecim
708 1930 749 1962 va·

78 1983 201 2033 lidissimis
224 1983 350 2044 legionibus
370 1981 461 2028 intulit:
491 1982 530 2029 se'd
551 1983 651 2044 graviter
671 1978 749 2025 multis

78 2047 172 2111 proeliis
190 2056 291 2101 vexatus,
314 2062 328 2093 a
349 2044 443 2094 Parthia
463 2046 553 2107 refugit.
586 2044 639 2099 Qua
657 2041 752 2097 victoria

78 2111 218 2160 insolentior
229 2111 354 2158 Phrubates
364 2111 470 2166 redditus,
486 2126 537 2158 cum
551 2111 623 2156 multa
633 2108 751 2155 crudeliter

78 2177 221 2230 consuleret,
234 2177 258 2222 in
269 2175 371 2223 exsilium
382 2177 486 2238 apopulo
493 2191 534 2222 suo
541 2175 637 2237 pellitur.
670 2172 752 2234 Itaque

80 2256 140 2289 cum
157 2256 242 2302 magno
258 2247 358 2302 tempore
373 2239 480 2287 finitimas
495 2239 603 2293 civitates,
620 2239 648 2285 ad
663 2244 751 2299 postre-

79 2320 150 2354 mum
164 2306 267 2365 Scythas,
278 2306 380 2368 precibus
390 2302 513 2367 satigisset,
531 2304 665 2365 Scytharum
676 2302 749 2348 maxi-

78 2386 123 2419 me
148 2370 231 2417 auxilio
253 2370 276 2416 in
299 2384 394 2430 regnum
417 2370 549 2416 restituitur.
582 2366 636 2414 Hoc
652 2368 751 2430 absente,

76 2450 165 2497 regem
178 2433 255 2480 Parthi
263 2433 379 2481 Tiridaten
386 2434 506 2494 quemdam
513 2434 686 2489 constituerant;
706 2430 753 2488 qui,

77 2500 165 2547 audito
182 2499 279 2545 adventu
298 2498 439 2560 Scytharum,
458 2512 509 2544 cum
528 2495 613 2558 magni
628 2498 751 2542 amicornm

76 2578 157 2612 rnanu
169 2564 197 2610 ad
210 2561 324 2610 Caesarem
337 2564 360 2610 in
377 2563 512 2624 Hispaniam
523 2562 606 2607 bellum
622 2569 677 2606 tunc
693 2565 751 2604 tern-

74 2629 148 2693 poris
165 2634 282 2690 gerentem
297 2628 404 2694 profugit,
421 2627 519 2674 obsidem
532 2624 618 2673 Caesari
634 2623 751 2670 minimum

73 2694 159 2742 finum
171 2690 290 2742 Plrrubatis
304 2692 387 2750 serens,
403 2705 471 2754 quem
487 2691 640 2758 negligentius
655 2685 753 2735 custodi·
