1800 2942
399 528 587 599 JUSTINI

187 715 470 778 Hlsuoalaauuu
489 712 811 778 PHILIPPICARUM

262 893 369 946 LIBER
384 892 546 945 DECIMUS
562 892 731 946 OCTAVUS.

200 1172 222 1222 1.
239 1171 326 1221 Ianua
342 1172 451 1235 Pyrrhus,
469 1183 510 1220 rex
526 1172 599 1236 Epiri,
616 1188 667 1220 cum
684 1171 766 1220 iterata
785 1171 832 1219 Ta·

167 1241 306 1289 reatinomm
316 1239 435 1301 legatione,
453 1239 533 1285 additia
544 1239 676 1286 Samnitum
688 1244 712 1285 et
723 1237 833 1285 Lucano·

169 1320 220 1353 rum
227 1304 336 1367 precibus,
348 1308 371 1349 et
381 1302 436 1365 ipris
446 1303 529 1350 auxilia
539 1302 774 1350 advertus-Romanor
781 1303 832 1365 pol·

167 1366 292 1423 liuentibus,
308 1367 446 1430 fatigaretur,
465 1383 511 1414 non
522 1376 567 1415 tam
582 1367 706 1430 supplicum
720 1369 832 1429 precibus,

170 1446 237 1497 quam
249 1449 288 1495 spe
298 1431 417 1479 invadendi
433 1429 507 1479 Italiae
520 1433 607 1494 imperii
622 1433 732 1485 inductur,
748 1439 833 1480 ventu·

169 1516 221 1547 rum
236 1514 260 1546 ae
274 1513 325 1544 eum
338 1496 437 1543 exercitu
451 1497 576 1557 pollicetur.
607 1494 637 1544 Iu
649 1511 715 1558 quam
730 1512 779 1544 rem
796 1497 833 1543 in·

170 1565 278 1612 dinatum
293 1562 362 1609 semel
373 1562 471 1607 animum
486 1562 622 1624 praecipitem
635 1576 703 1624 agere
716 1568 834 1622 eoeperant

170 1628 273 1690 exempla
283 1628 406 1689 majorum
424 1640 453 1671 ue
463 1632 502 1672 aut
513 1625 605 1673 interior
615 1633 694 1687 patruo
705 1640 747 1672 auo
758 1625 832 1672 Alex·

170 1693 241 1740 andro
255 1691 375 1744 videretur,
392 1705 438 1751 quo
451 1689 568 1737 defensore
582 1691 648 1737 iidem
662 1689 783 1737 Tarentini
794 1690 833 1736 ad-

170 1771 251 1803 versus
270 1754 372 1802 Bruttios
392 1756 426 1801 uri
443 1753 547 1812 fuerant3
571 1761 610 1801 aut
628 1755 727 1801 minores
745 1755 833 1801 animoa

171 1820 263 1881 Magno
278 1819 408 1865 Alexandro
423 1820 531 1876 hahuisse,
548 1821 587 1880 qui
600 1827 647 1865 tam
658 1817 729 1881 longi
740 1819 833 1866 adorno

170 1881 250 1933 militii
271 1882 388 1930 Orientem
411 1884 507 1945 subegit.
543 1881 618 1946 Igitur
638 1884 717 1930 relicto
740 1884 833 1931 custode

171 1950 237 2014 regni
247 1947 293 1995 filio
304 1946 436 2001 Ptolemaeo,
450 1962 522 1995 anuos
532 1949 657 2009 quindecim
669 1956 730 2004 nato,
744 1949 832 1995 exerei-

171 2023 222 2064 tum
240 2015 264 2061 in
282 2020 349 2075 portu
367 2010 491 2059 Tarentino
511 2014 609 2074 exponit,
629 2012 715 2059 duobus
733 2013 833 2074 parvulis

170 2080 230 2135 filiis,
243 2076 374 2127 Alexandro
384 2083 408 2122 et
419 2074 518 2132 Heleno,
529 2078 552 2123 in
565 2078 643 2125 solatia
653 2077 785 2139 lortginquae
796 2093 832 2125 ae·

173 2161 226 2193 cum
241 2159 271 2192 ex
314 2143 390 2190 itiouia
406 2141 514 2188 adductis.
547 2139 619 2204 Cujua
635 2141 711 2188 audito
726 2141 832 2198 adventu.

171 2209 252 2257 consul
312 2221 392 2254 manua
410 2204 517 2253 Valerius
539 2205 648 2253 Laevirrua
669 2205 785 2261 teatinam,
808 2213 833 2253 ut

171 2276 234 2338 priua
245 2288 297 2320 eum
308 2288 335 2319 eo
346 2271 527 2332 congrederetur,
543 2286 610 2331 quarn
627 2271 710 2317 auxilia
719 2272 833 2318 sociorum

172 2339 327 2389 convenirent,
344 2337 468 2382 exercitum
483 2335 506 2381 in
522 2335 593 2382 aciem
608 2335 689 2382 educit.
722 2334 775 2382 Nec
786 2350 833 2390 rex.

172 2402 262 2451 tametsi
283 2416 377 2447 numero
398 2401 495 2447 militum
516 2399 608 2447 inferior
628 2407 695 2455 esset,
717 2401 834 2447 certamini

172 2465 329 2515 monmfeeir„
362 2465 407 2512 Sed
421 2464 547 2519 Romanos,
564 2465 680 2512 vincentes
689 2465 746 2527 jam,
763 2465 833 2512 inuri·

172 2539 220 2581 tata
237 2537 289 2578 ante
306 2529 475 2591 elephantorum
490 2528 564 2576 forma
579 2537 669 2592 stupere
683 2530 764 2592 primo,
781 2541 834 2576 mox

173 2598 253 2646 cedere
266 2594 346 2657 proelio
358 2593 450 2655 cohgit3
466 2593 608 2655 victoresque
615 2595 664 2657 jam
681 2609 743 2641 nova
755 2593 833 2641 Maea-

171 2664 256 2710 donum
266 2665 366 2706 monstra
376 2665 469 2719 repente
481 2659 591 2706 uicerunt.
623 2657 674 2705 Nec
686 2660 788 2707 hortibus
798 2660 832 2706 ia·

174 2732 266 2774 eruenta
276 2722 370 2772 victoria
376 2721 426 2770 fuit.
458 2721 520 2772 Nam
531 2729 555 2772 et
564 2724 612 2786 ipae
621 2722 724 2786 Pyrrhus
735 2724 834 2788 graviter
