1800 2942
360 421 381 487 J
386 423 547 492 USTINI
607 466 611 477 ι

148 601 433 667 HISTORIARUM
453 606 773 669 PHILIPPICARUM

239 780 345 833 LIBER
362 782 522 834 DECIMUS
539 783 680 834 SEXTUS.

159 1060 180 1109 1.
198 1058 261 1109 Posr
273 1058 395 1110 Cassandri
403 1063 464 1125 regis
475 1060 559 1123 filiique
569 1063 618 1126 ejus
630 1061 728 1126 Philippi
740 1079 797 1111 con-

126 1128 201 1174 tinuas
211 1139 303 1181 mortes,
315 1125 477 1174 Thessalonice
488 1128 574 1190 regina,
590 1143 648 1174 uxor
664 1126 798 1186 Cassandri,

127 1208 173 1239 non
184 1207 267 1256 magno
278 1199 330 1255 post
340 1199 448 1255 tempore,
465 1193 492 1239 ab
501 1191 621 1254 Antipatro
630 1191 683 1248 lilio,
695 1208 748 1240 cum
759 1194 797 1240 vi·

126 1265 173 1304 tam
184 1259 252 1304 etiam
262 1273 303 1319 per
314 1258 381 1304 ubera
389 1264 491 1303 materna
502 1256 664 1318 deprecaretur,
675 1257 797 1305 occiditur.

127 1320 203 1377 Causa
212 1322 322 1385 parricidii
333 1321 381 1377 fuit,
399 1321 465 1383 quod,
488 1329 541 1383 post
557 1328 652 1368 mortem
669 1320 752 1377 mariti,
770 1323 797 1370 in

127 1387 236 1435 divisione
246 1387 304 1433 inter
313 1385 392 1432 fratres
398 1386 469 1447 regni,
477 1387 608 1449 propensior
615 1385 685 1433 fuisse
694 1386 797 1434 Alexan-

127 1452 168 1498 dro
179 1453 302 1498 videbatur.
325 1450 395 1505 erod
404 1450 491 1497 facinus
502 1466 530 1497 eo
541 1452 632 1514 gravius
643 1451 748 1498 omnibus
758 1451 796 1498 ri-

127 1532 177 1563 sum
188 1524 230 1572 est,
242 1516 301 1578 quod
309 1516 394 1562 nullum
403 1522 511 1562 maternae
520 1515 605 1562 fraudis
613 1516 735 1578 vestigium
743 1514 796 1565 fuit.

127 1580 270 1643 Quamquam
278 1582 302 1627 in
309 1580 426 1642 parricidio
438 1579 499 1627 nulla
506 1581 626 1643 satisjustn
632 1595 699 1628 causa
708 1581 737 1627 ad
745 1596 797 1628 sce-

125 1644 306 1707 lerispatrocinia
314 1646 407 1707 praetexi
413 1651 494 1706 potest.
505 1644 596 1692 Obhaec
603 1646 682 1707 igitur,
692 1645 796 1693 Alexan-

126 1710 173 1764 der,
190 1711 214 1756 in
225 1710 333 1756 ultionem
344 1718 453 1757 maternae
469 1712 531 1757 necis
546 1717 652 1773 gesturus
662 1726 715 1757 oum
725 1710 798 1759 fratre

125 1775 216 1828 bellum,
228 1774 335 1821 auxilium
353 1790 367 1820 a
383 1773 503 1822 Demetrio
513 1775 586 1836 petit3
603 1790 645 1821 nec
660 1774 797 1823 Demetrius

127 1854 167 1900 ape
177 1838 296 1885 invadendi
308 1837 451 1885 Macedonici
464 1841 528 1902 regni
538 1855 624 1887 moram
634 1838 696 1887 fecit.
720 1837 795 1904 Cujus

126 1905 247 1951 adventum
264 1918 345 1950 verens
357 1902 514 1965 Lysimachus,
525 1905 643 1967 persuadet
654 1920 740 1966 genero
752 1920 796 1969 sun

126 1969 256 2031 Antipatro,
273 1975 299 2014 ut
314 1968 378 2015 malit
394 1984 446 2015 eum
461 1969 530 2017 fratre
545 1970 569 2015 in
585 1971 680 2032 gratiam
703 1971 795 2026 reverti,

126 2049 193 2096 quam
203 2042 321 2095 paternum
332 2034 420 2080 hostem
428 2034 452 2080 in
464 2033 622 2081 Macedoniam
634 2034 727 2082 admitti.
753 2032 795 2081 In-

127 2099 228 2146 choatam
247 2099 317 2161 igitur
339 2099 398 2145 inter
418 2098 499 2146 fratrea
518 2099 720 2146 reconciliationem
741 2114 795 2145 cnm

126 2165 281 2224 praesensisset
303 2162 448 2217 Demetrius>
465 2179 505 2225 per
526 2164 617 2210 insidias
636 2164 792 2210 Alexandrum

126 2227 247 2285 interficit;
265 2234 418 2290 occupatoque
436 2227 581 2275 Macedoniae
602 2244 681 2291 regno,
705 2222 794 2275 caedem

125 2294 185 2355 apud
203 2294 326 2340 exercitum
348 2300 502 2346 excusaturus,
518 2293 542 2338 in
564 2294 695 2341 concionem
717 2299 793 2341 vocat.

125 2351 161 2403 Ibi
172 2358 289 2418 “priorem
296 2373 321 2404 se
328 2358 422 2420 petitum
428 2359 456 2404 ab
464 2356 610 2404 Alexandro”
622 2358 717 2420 allegat;
729 2363 793 2404 “nec

124 2419 205 2466 secisse
220 2437 251 2476 se,
263 2422 302 2468 sed
313 2421 433 2482 occupissc
447 2421 544 2477 insidias,
578 2420 667 2484 Regem
679 2428 754 2468 autem
766 2432 792 2468 se

126 2484 279 2540 Macedoniae,
296 2486 334 2532 vel
345 2487 418 2533 aetatis
429 2486 594 2548 experimentis,
605 2487 642 2533 vel
653 2487 733 2541 causis,
741 2487 791 2549 jus-

124 2550 206 2596 tiorem
223 2565 280 2596 esse.
306 2549 403 2596 'Patrem
421 2550 480 2596 enirn
498 2565 563 2598 auum
578 2558 602 2598 et
619 2549 723 2611 Philippo
733 2549 790 2613 regi,

127 2621 149 2660 et
161 2614 291 2662 Alexandro
302 2613 398 2677 Magno,
411 2615 496 2663 socium
508 2617 531 2661 in
543 2616 605 2666 omni
615 2612 694 2663 militiai
704 2614 788 2673 fuisse3
