1800 2942
146 141 197 187 alo
272 135 410 187 JUSTINI
427 135 480 187 Lu.
492 132 581 184 xxa.
598 132 661 186 Gn·
673 138 696 184 6.

147 267 268 330 Nusquam
278 268 348 330 igitur
357 267 410 314 tlibi
419 266 607 321 faciliusbelinm,
618 266 708 314 uanae
719 265 825 327 predam

148 334 274 382 uberiorem
291 333 388 380 inveniri
404 346 484 393 posse:
503 346 563 387 nam,
582 329 648 393 capti
668 328 820 393 Cartbagine,

149 414 240 446 ornnem
252 397 354 445 Africam
366 397 509 457 Siciliamque
516 397 635 458 praemium
642 394 822 445 victorsmfore.

151 463 255 517 Gloriam
266 471 327 510 certe
337 471 384 509 tam
397 463 501 508 honestas
517 461 604 508 militias
619 468 705 508 unum
715 460 741 506 in
752 475 821 508 omne

150 543 226 576 aertun
236 527 342 583 suturam,
354 535 379 574 ut
389 526 504 573 terminmi
516 526 578 574 nullo
594 532 696 588 tempore
705 525 822 573 oblivione

151 595 232 656 possit:
253 601 278 639 ut
288 593 375 640 dicatur
384 607 425 638 eos
435 592 497 638 seha
507 591 635 637 mortalium
643 604 700 645 esse,
708 590 820 651 quibem,

150 673 203 721 quae
219 659 280 705 domi
295 657 356 704 serre
374 672 420 703 non
434 663 547 719 poterant,
564 657 592 702 ad
607 656 685 702 hostes
699 655 823 702 manebus·

150 725 202 779 rint,
210 724 309 783 victique
320 723 416 769 victores
427 721 522 768 insecuti
534 721 585 776 sint,
593 729 617 767 et
625 720 755 768 obsessores
762 721 823 767 urbis

151 802 200 835 aare
210 787 344 834 obsederint.
377 787 490 833 Omnibus
499 785 569 847 igitur
578 785 632 835 forti
641 801 667 832 ac
678 786 734 832 laeto
746 786 821 832 animo

150 852 234 900 usuum
244 852 374 905 ineundum,
387 867 432 912 quc
443 851 529 897 nubam
549 851 609 897 aliud
619 851 692 912 possit
707 859 748 898 nat
764 865 823 911 prm*

151 917 222 963 mium
237 917 358 963 victoribus
369 917 466 972 uberius,
485 921 524 962 aut
533 916 600 963 victis
615 916 782 963 monimentum
793 915 820 961 il·

155 982 255 1035 ioatrius.
266 979 342 1029 dare·”

184 1044 229 1093 VI.
248 1046 294 1093 His
312 1047 402 1107 quidem
421 1045 614 1094 adhortationibus
636 1046 706 1092 animi
724 1045 821 1091 miiitum

152 1111 309 1175 erigebantur:
329 1112 369 1158 sed
385 1113 482 1159 terrebat
498 1126 538 1159 eos
553 1112 651 1173 portenti
662 1110 752 1172 religio,
763 1107 821 1173 queri

152 1174 362 1297 nnius
372 1177 502 1302 rra
776 1188 822 1285 u

503 1273 509 1298 Ι
822 1295 825 1299 .

152 1308 214 1369 prius
224 1323 291 1370 quarn
299 1307 500 1370 proficiscerentur,
509 1305 595 1353 iactum
606 1312 672 1361 esset,
684 1306 821 1352 crediturum

151 1370 270 1420 sirmeum
291 1371 423 1434 profecturis
444 1371 572 1433 prodigium
594 1384 660 1428 esse3
688 1384 751 1417 nuno
772 1368 823 1431 quia

153 1438 251 1501 egressis
266 1438 378 1490 acciderit,
396 1436 448 1492 illis,
469 1436 498 1482 ad
515 1450 574 1496 quos
591 1443 661 1489 eatur,
680 1435 821 1497 portendere.

154 1500 227 1549 Porro
244 1502 345 1549 defectus
356 1500 489 1548 naturalium
509 1501 606 1547 siderum
623 1514 712 1562 semper
722 1514 822 1561 praesen·

153 1574 200 1614 tem
208 1582 283 1613 rerum
292 1576 374 1614 statum
381 1575 481 1613 mutaret
494 1575 626 1626 certumque
634 1580 685 1611 esse
692 1562 824 1611 florentibus

156 1629 376 1693 Carthaginiensium
394 1631 481 1693 opibus,
503 1637 526 1676 et
547 1630 659 1676 laboribus
678 1630 824 1688 adversisque

153 1696 220 1742 rebus
237 1697 291 1750 suis,
311 1697 511 1743 commutationem
529 1692 676 1757 significari.”
711 1695 750 1742 Sic
769 1707 823 1740 ocn-

154 1759 232 1806 sclatis
242 1762 358 1817 militibus,
377 1762 494 1807 universas
504 1774 580 1813 naves,
592 1759 750 1807 consentiente
760 1773 823 1805 exer·

154 1824 208 1878 citu,
223 1825 312 1875 incendi
324 1826 396 1900 jubet,
415 1832 441 1871 ut
458 1840 537 1873 omnes
555 1825 644 1880 scirent,
662 1825 747 1871 auxilio
762 1822 825 1885 tuga

154 1890 252 1942 ademto,
262 1897 301 1935 aut
308 1889 444 1936 vincendum
456 1897 495 1937 aut
503 1890 641 1937 moriendum
650 1904 709 1936 esse.
726 1888 829 1942 Deinde,

154 1970 206 2003 eum
217 1954 299 2008 omnia,
310 1952 450 2015 quicumque
460 1955 637 2018 ingrederentur,
648 1961 825 2016 prosternerent,

152 2021 219 2068 villas
237 2019 371 2080 castellaque
389 2019 542 2076 incenderent,
564 2019 643 2066 obrius
660 2021 694 2066 eis
712 2017 757 2065 fuit
774 2032 825 2065 cum

154 2088 248 2148 triginta
258 2086 354 2131 millibus
366 2083 491 2131 Poencrum
503 2084 602 2133 Hanno:
623 2083 663 2131 seri
669 2083 752 2146 proeiio
763 2099 826 2130 ccm-

154 2152 232 2207 misso,
243 2151 287 2198 duo
298 2151 327 2197 de
338 2150 425 2203 Siculis,
443 2151 486 2197 tria
500 2150 570 2196 miliia
580 2149 608 2196 rie
620 2148 701 2195 Poenis
712 2163 766 2195 cum
777 2150 826 2211 ipso

155 2214 213 2263 duce
227 2215 335 2264 cecidere.
368 2214 422 2262 Hac
443 2212 538 2262 victorii
559 2223 582 2260 et
604 2213 733 2262 Siculorum
756 2214 827 2260 animi

154 2282 279 2341 eriguntur,
302 2289 325 2328 et
347 2280 472 2327 Poenorum
494 2280 636 2341 franguntur.
675 2278 825 2341 Agathocles,

153 2345 221 2391 victis
232 2347 339 2402 hostibus,
356 2346 421 2392 urbes
438 2345 572 2405 castellaque
589 2352 721 2406 expugnat3
737 2344 827 2406 praedas

155 2409 261 2470 ingentes
272 2412 335 2473 agit3
350 2412 448 2457 hostium
458 2410 529 2456 muita
540 2409 609 2456 miliia
619 2409 723 2455 trucidat.
743 2405 827 2457 Castra

155 2473 235 2519 &nde
246 2475 269 2519 in
280 2477 360 2535 quinto
367 2475 440 2537 lapide
448 2490 462 2521 a
471 2473 609 2537 Carthagine
617 2474 700 2526 statuit,
710 2478 737 2519 ut
744 2472 827 2519 domm

155 2537 320 2585 carissimorum
339 2555 420 2596 rerum,
440 2541 613 2600 vastitatemque
623 2552 739 2600 agrorum,
756 2546 782 2584 et
792 2539 827 2584 in·

155 2602 235 2649 cendia
244 2602 355 2658 villarum,
368 2605 397 2651 de
407 2604 478 2651 muris
488 2604 560 2666 ipsius
571 2604 631 2649 urbis
644 2602 824 2664 specularentur.

154 2662 246 2713 Interea
255 2667 337 2729 ingens
348 2667 396 2716 toti
407 2666 486 2716 Africi
496 2668 564 2716 deleti
574 2666 700 2716 Poencrum
711 2666 829 2715 exereitus
