1800 2942
136 183 184 230 aaa
264 176 401 228 susurru
417 175 563 247 aarum.
580 175 673 230 ema

135 310 234 370 quinque
243 308 314 355 millis
322 309 431 371 peditum,
446 309 547 371 equitum
558 314 653 371 quatuor
662 306 739 361 millis,
752 308 809 356 ele·

134 376 230 436 phantos
246 374 413 435 quinquaginta,
428 389 475 421 nou
491 375 586 436 amplius
603 388 669 453 quam
679 373 703 418 in
714 373 807 420 biennii

134 454 200 485 usum
219 439 286 484 dedit.
321 438 358 485 Ob
377 440 425 485 haec
444 437 554 500 Pyrrhus,
573 437 619 484 lilia
636 436 756 485 Ptolemaei
778 439 805 483 in

133 504 298 551 matrimonium
316 503 413 565 accepti,
430 504 542 550 vindicem
558 518 610 549 eum
627 503 691 564 regui
702 501 806 562 reliquit,

162 567 260 614 mlicstna
277 583 329 614 cum
346 570 450 615 omnibus
470 567 578 621 finitimis,
600 581 636 621 ne,
658 564 755 612 abducta
778 568 805 612 in'

148 633 357 694 taliamjuventute,
376 634 476 696 praedsm
498 634 598 680 hostibus
616 645 713 693 reguum
730 631 805 678 reliu-

148 704 218 744 neret.

133 713 148 758 q
166 759 214 806 ΙΙΙ.
230 761 275 808 Sed
285 763 390 822 quoniam
399 763 428 809 sd
435 762 499 825 Epiri
507 762 645 809 mentionem
654 766 746 807 ventum
757 767 804 818 est,

133 826 161 872 de
171 826 259 887 origiue
269 827 333 887 regni
344 828 392 888 ejus
408 842 478 888 pauca
488 827 598 874 narranda
614 833 675 873 sunt.
706 825 804 872 Molos-

133 905 209 936 sorum
226 890 322 952 primum
340 891 364 936 in
382 889 410 937 ed
427 892 520 953 regione
538 906 633 953 regnum
652 889 702 936 mit.
734 888 802 946 Rost,
838 947 840 949 q

133 954 241 1015 Pyrrhus,
261 954 356 1000 Achillis
372 953 439 1009 filins,
456 956 539 1003 arnisso
549 971 589 1019 per
605 955 728 1002 absentiam
739 952 801 1000 Tro-

128 1021 190 1082 jenis
200 1019 336 1079 temporibus
346 1029 439 1082 paterno
450 1036 529 1083 regno,
540 1022 564 1066 in
575 1020 610 1067 his
620 1020 677 1066 locis
687 1019 800 1077 consedit,-

132 1085 170 1144 qui
182 1083 300 1143 Pyrrhidae
309 1085 388 1146 primo,
400 1094 479 1146 postea
490 1085 593 1148 Epirotae
603 1084 657 1131 dicti
668 1090 729 1130 suut.
751 1083 800 1131 Sed

133 1147 242 1208 Pyrrhus,
261 1165 313 1196 cum
324 1151 347 1196 in
358 1150 467 1211 templum
486 1150 602 1197 Dodonaei
615 1148 682 1197 Jovis
698 1148 727 1195 ad
742 1163 800 1195 con-

132 1213 249 1261 sulendum
261 1216 367 1268 venisset,
383 1216 412 1262 ibi
431 1214 562 1269 Lanassam,
580 1221 671 1276 neptem
683 1212 800 1269 Herculis,

131 1279 206 1340 rapuit
212 1299 219 1336 ;
230 1294 259 1325 ex
266 1281 329 1342 cujus
340 1280 482 1327 matrimonio
493 1288 545 1327 octo
552 1280 634 1326 liberos
645 1278 742 1327 sustulit.
757 1277 799 1326 Ex

131 1344 167 1391 his
178 1345 297 1391 nonnullos
308 1345 406 1406 virgines
416 1353 511 1407 nuptum
521 1343 623 1391 finitimis
633 1344 723 1406 regibus
730 1344 800 1390 hadi-

132 1408 171 1462 dit,
184 1424 282 1470 opesque
292 1409 432 1456 affinitatium
443 1411 527 1455 anxilio
538 1424 631 1471 magnes
642 1409 742 1470 paravit:
761 1414 798 1454 at-

131 1486 176 1532 que
186 1475 218 1519 ita
230 1472 327 1526 Heleno,
338 1473 384 1520 filio
396 1473 481 1520 Priami
490 1474 556 1535 regis,
568 1475 597 1520 ob
608 1473 737 1520 industriam
750 1472 798 1518 sin·

131 1537 242 1599 gularem,
251 1554 346 1601 regnum
358 1537 484 1594 Chaonum,
504 1546 533 1585 et‘
543 1539 719 1585 Andromachen
730 1536 796 1583 Hec-

131 1603 193 1657 toris,
205 1618 272 1663 quam
283 1614 306 1650 et
316 1605 364 1667 ipse
373 1603 516 1650 matrimonio
527 1618 568 1650 suo
582 1604 606 1649 in
616 1603 727 1657 ¹divisione
737 1600 797 1648 Tro-

127 1667 190 1728 janae
209 1668 292 1729 praedae
308 1675 432 1731 acceperat,
451 1682 546 1714 uxorem
568 1667 673 1724 tradidit3
690 1667 797 1726 brevique

130 1739 183 1792 post
194 1738 294 1791 temporo
304 1731 409 1794 Delphis,
420 1734 506 1779 insidiis
517 1732 611 1786 Orestis,
621 1731 661 1778 filii
669 1731 795 1793 Agamem-

131 1795 205 1845 nonis,
215 1797 275 1841 inter
285 1797 362 1843 altaria
373 1796 419 1843 Dei
430 1797 521 1844 interiit.
548 1797 668 1844 Successor
679 1797 731 1842 huic
742 1794 795 1842 Pia·

130 1860 167 1906 lus
177 1858 236 1906 iilius
245 1859 295 1906 fuit.
319 1860 364 1906 Per
374 1862 475 1908 ordinem
486 1862 566 1909 deinde
575 1877 672 1923 regnum
683 1862 712 1908 ad
723 1861 796 1921 Any·

130 1926 182 1972 bem
201 1925 329 1971 descendit:
348 1927 391 1979 cui,
409 1927 514 1986 quoniam
531 1926 627 1989 pupillus
638 1934 662 1973 et
673 1927 751 1972 unicus
766 1940 796 1971 ex

131 1998 201 2052 gente
213 1990 281 2036 nobili
298 1999 429 2051 superesset,
441 1992 562 2038 intentiore
572 1991 672 2037 omnium
684 1987 738 2037 curi
748 2005 797 2036 ser·

131 2055 198 2102 randi
209 2057 257 2118 eJus
264 2055 422 2116 educandique,
433 2056 521 2116 publice
530 2063 615 2102 tutores
623 2056 797 2102 constituuntur.

131 2120 235 2167 Athenas
253 2136 350 2182 quoque,
369 2121 484 2168 erudiendi
500 2120 579 2183 gmtii,
597 2120 694 2178 missus3
711 2125 796 2180 quanto

131 2184 218 2231 doctior
228 2187 348 2248 majoribus
366 2187 419 2240 suis,
437 2192 500 2232 tanto
514 2193 537 2232 et
551 2186 636 2247 gratior
652 2184 737 2246 populo
747 2183 797 2231 tuit.

132 2247 223 2295 Primus
232 2250 308 2312 itaque
318 2259 341 2297 et
351 2251 420 2312 leges,
436 2257 460 2296 et
471 2258 579 2304 senatum,
598 2264 731 2310 annuosque
748 2263 797 2294 ms·

131 2315 245 2375 gistratus,
263 2322 286 2361 et
302 2316 427 2379 reipublicae
443 2312 538 2361 fdrmam
550 2314 687 2376 composuit:
707 2319 731 2361 et
745 2320 798 2359 uta

132 2378 222 2438 Pyrrho
230 2380 301 2434 sedes,
308 2381 340 2426 sic
348 2380 394 2427 vita
401 2380 570 2442 cultiorpopulo
578 2381 605 2425 ab
612 2375 702 2439 Arrybd
708 2384 798 2425 statuta.

132 2441 210 2504 Hujus
230 2441 290 2490 filius
316 2444 481 2505 Neoptolemus
499 2444 556 2502 tuit;
579 2458 675 2504 exquo
694 2449 748 2489 usta
762 2448 797 2489 est

133 2506 259 2568 Olympias,
275 2515 346 2556 mater
362 2509 486 2556 Alexandri
508 2509 599 2571 Magni,
619 2515 643 2555 et
661 2507 796 2561 Alexander,

131 2573 170 2631 qui
188 2582 240 2634 post
260 2587 312 2619 eum
333 2588 429 2635 regnum
452 2574 518 2638 Epiri
535 2574 624 2630 tenuit3
641 2578 671 2624 et,
692 2572 716 2618 in
733 2569 799 2621 Iulii

130 2636 190 2683 hello
201 2645 273 2699 gesto,
290 2638 314 2683 in
324 2636 421 2686 Bruttiis
431 2639 524 2687 interiit.
554 2637 613 2685 Post
628 2638 677 2699 ejus
691 2633 795 2689 mortem,

131 2699 200 2748 frater
210 2701 317 2751 AEacidss
327 2718 398 2767 regno
410 2705 524 2763 successit,
535 2701 678 2766 quaestoris
691 2702 800 2750 adversus
