1800 2942
223 441 226 446 ’
293 569 314 576 Η
374 480 572 573 νωεΤΙΝΙ

177 615 461 725 ursronrsnun
480 663 801 729 rfflmssrcssum

347 838 454 890 LIBER
470 839 637 892 OCTAVUS.

189 1116 210 1165 I.
226 1117 342 1167 Gnacsfl
355 1116 463 1172 civitates,
482 1118 535 1164 dum
551 1118 660 1179 imperare
670 1118 769 1181 singulae
779 1134 823 1167 cu-

155 1182 227 1247 piunt,
243 1182 361 1245 imperium
372 1198 450 1236 ornnes
465 1182 621 1244 perdiderunt:
639 1181 721 1244 quippe
732 1184 757 1229 in
767 1198 820 1232 mu-

156 1255 221 1295 tuum
240 1247 333 1295 esitium
355 1247 403 1294 sine
421 1247 489 1293 modo
510 1254 607 1301 ruentes,
624 1248 727 1295 omnibus
745 1249 822 1310 perire

155 1313 216 1374 quod
233 1312 329 1374 singulte
339 1312 473 1366 mitterent,
492 1326 536 1358 non
548 1312 590 1357 nisi
602 1326 722 1373 oppressos,
740 1328 821 1361 sense·

155 1384 222 1425 runt:
241 1376 350 1437 siquidem
366 1374 489 1437 Philippus,
506 1390 547 1422 rex
565 1376 716 1435 Macedoniae,
732 1377 798 1424 velut
808 1394 823 1425 e

155 1439 246 1505 speculi
265 1439 366 1501 quidum,
386 1439 481 1487 libertati
497 1440 597 1486 omnium
618 1441 742 1496 insidiatus,
764 1442 820 1489 duni

156 1509 312 1554 contentiones
333 1504 456 1552 civitatium
474 1504 520 1559 alit,
549 1505 655 1552 auxilium
676 1504 821 1554 inferioribus

156 1570 255 1626 ferendo,
278 1571 350 1617 victos
371 1570 454 1632 puriter
475 1570 616 1630 victoresque
637 1570 711 1616 subire
732 1571 820 1631 regiam

156 1636 287 1683 servitutem
298 1634 380 1697 co'c’git.
420 1631 496 1683 Causa
506 1641 529 1680 et
539 1635 604 1696 origo
615 1636 680 1697 hujus
690 1634 744 1681 muli
755 1634 820 1684 'lhe-

134 1699 207 1745 rbsni
224 1696 303 1755 sudre3
318 1698 363 1759 qui,
385 1714 436 1746 cum
458 1713 532 1745 rerum
550 1700 682 1761 potirentur,
696 1700 821 1748 secundnm

154 1762 268 1809 fortunent
289 1764 400 1810 imbecillo
420 1764 497 1811 animo
517 1763 621 1818 ferentes,
650 1764 724 1811 victos
749 1766 821 1813 srmis

155 1825 341 1874 Istoedaemonios
362 1835 385 1874 et
404 1826 540 1884 Phocenses,
558 1829 820 1891 qussiperrnsupplicis

154 1891 254 1940 cnutus
269 1900 293 1938 et
308 1891 390 1952 rapinis
400 1892 503 1948 luissent,
519 1892 578 1954 spud
588 1908 708 1940 commune
718 1893 819 1942 Graeciae

155 1955 275 2005 concilium
297 1956 391 2016 superbe
420 1963 589 2004 accusaverunt.
637 1955 819 2007 Laeedaemoniis

155 2020 244 2069 crimini
261 2020 344 2073 dotum,
362 2020 421 2079 quod
437 2021 511 2068 arcem
529 2020 659 2069 'l'hehsncm
678 2022 818 2070 induciarum

154 2092 256 2149 tempore
266 2082 428 2146 occupissent3
446 2083 607 2141 Phocensihus,
625 2086 819 2146 quod'Boeotiem

68 2194 74 2199 .
154 2150 282 2214 thoopulnti
292 2159 382 2197 essent:
401 2165 493 2211 prorsus
508 2151 578 2211 quasi,
596 2159 755 2212 postermset
769 2152 818 2199 bel-

153 2215 209 2270 lum,
231 2214 307 2262 locum
327 2214 415 2277 legibus
435 2214 583 2275 reliquissent
627 2213 687 2263 Cum
704 2216 817 2277 judicium

152 2279 244 2327 srbitrio
254 2280 365 2327 victorum
376 2288 523 2334 exerceretur,
534 2277 598 2325 tenti
603 2277 699 2341 pecuniis
708 2281 819 2329 damnan-

121 2333 128 2351 '
153 2350 198 2398 tur,
214 2350 297 2404 quanta
311 2343 399 2391 exsolvi
414 2358 461 2390 non
476 2351 559 2406 posset
589 2341 664 2405 Igitur
678 2342 817 2401 Phocenses,

153 2407 284 2469 cumsgris,
299 2408 380 2462 liberis,
391 2409 568 2471 conjugibusque
577 2408 724 2471 privarentur,
735 2410 817 2471 despe-

151 2472 208 2520 ratis
228 2472 301 2525 rebus,
326 2471 452 2520 Philomelo
472 2473 570 2533 quodsm
591 2472 655 2525 duce,
676 2472 739 2520 velut
760 2473 816 2521 Deo

150 2537 280 2593 irascentes,
297 2536 405 2599 templum
421 2538 496 2600 ipsum
514 2536 627 2599 Apollinis
637 2536 736 2598 Delphis
746 2552 816 2585 occu·

148 2598 240 2666 perire·
281 2597 341 2648 Inde
361 2615 415 2649 suro
436 2609 461 2648 et
477 2600 573 2663 pecunid
592 2601 679 2656 divites,
701 2602 815 2650 conducto

150 2664 290 2719 mendoso
299 2665 377 2727 milite,
386 2665 470 2717 bellum
480 2665 594 2716 thebanis
600 2665 732 2715 intrudunt.
755 2666 814 2716 Fce-
