1800 2942
80 129 176 181 Ciam.
299 132 500 183 JUGURTHA'.
700 133 736 183 97

76 260 180 318 ditionem,
196 264 356 312 tantummodo
366 280 461 325 nquam,
478 268 587 326 peterent,
605 263 683 310 Graeci
694 278 738 325 ops

75 330 151 377 tionem
163 328 387 392 Carthaginiensium
398 330 490 385 iaciunt,
510 329 548 376 rel
566 329 604 384 illi,
616 344 673 390 quos
683 326 738 375 riuis

76 396 149 456 populo
161 411 203 443 suo
213 402 324 457 peterent,
335 395 396 441 ibi
375 410 421 441 run
415 395 591 451 ‘30bruerentur
608 393 646 440 vel
656 391 736 440 eidem

76 461 194 507 conditione
205 475 263 514 sese,
281 475 349 520 quem
359 460 382 506 in
393 461 469 507 locum
480 460 571 514 vellent,
583 472 737 522 processuros.

76 522 172 583 Philaeni,
184 525 315 572 conditione
324 522 424 586 probati,
433 540 503 584 seque
509 526 623 584 vitamque
631 523 739 586 reipubli

75 603 105 636 cre
118 586 288 638 condonavere:
307 590 340 636 ita
356 590 403 636 rivi
422 589 503 636 obruti.
536 588 737 651 Carthaginienses

74 652 95 700 in
104 671 130 703 eo
139 657 192 702 loco
204 654 314 702 Philaenis
323 654 429 701 ininius
436 670 487 701 aras
495 669 669 711 consecravere,
687 654 737 700 alii·

74 734 112 779 que
132 720 177 767 illis
195 721 257 767 dorni
279 720 377 766 honores
398 719 502 767 instituti.
546 718 619 767 Nunc
637 720 666 766 sd
687 733 737 766 rem

74 785 141 832 redeo.

101 849 210 897 LXXX
226 848 343 912 Jugurtha
352 856 477 912 postquam,
489 851 571 897 amissa
558 847 664 904 ἸἸιιιΙΐι4
680 849 738 895 nihil

75 916 124 962 satis
132 915 224 962 firmum
236 924 315 962 contra
326 915 447 962 Metellum
458 923 529 977 putat,
541 928 581 977 per
591 929 687 976 magnas
698 929 737 960 so·
792 926 796 943 ¹

74 979 173 1028 litudines
182 982 236 1026 'oum
247 981 325 1041 paucis
335 979 457 1042 profectus,
471 981 612 1043 pervenitad
624 979 737 1035 Gaetulos,

75 1048 149 1106 genus
159 1046 278 1092 bominum
293 1044 365 1091 ferum
382 1045 543 1107 incultumque,
559 1054 583 1092 et
596 1061 624 1092 eo
636 1054 737 1106 tempore

74 1111 180 1172 ignarum
195 1110 295 1157 nominis
316 1110 423 1157 Romani.
459 1109 548 1157 Eorum
570 1110 737 1157 multitudinem

75 1174 175 1223 inunum
186 1176 265 1237 cogit3
283 1190 309 1221 ac
323 1176 430 1236 paulatim
448 1175 585 1222 consuefacit
596 1175 685 1222 ordines
696 1176 737 1221 ha·

75 1239 127 1294 bere
139 1241 207 1302 signa
217 1241 288 1300 sequi,
307 1241 425 1302 imperium
436 1241 562 1294 observare,
575 1241 627 1287 item
639 1239 683 1286 aiis
693 1240 738 1285 mi·

75 1303 142 1353 litaria
163 1306 246 1353 iacere.
290 1304 406 1353 Praeterea
427 1305 488 1367 regis
510 1304 597 1351 Bocchi
614 1319 738 1367 proxumos

76 1373 160 1433 magnis
170 1370 308 1426 muneribus,
319 1377 343 1417 et
352 1371 474 1434 majoribus
488 1370 613 1433 promissis,
629 1370 656 1416 ad
668 1369 739 1416 studi·

75 1449 109 1481 um
119 1453 155 1484 sur
147 1437 284 1498 perducit·
303 1437 353 1496 quis
364 1436 501 1497 adjutoribus
517 1450 595 1497 regem
610 1449 739 1511 aggressus,

75 1500 102 1546 im
103 1502 172 1563 pellit,
190 1501 225 1548 uti
243 1502 363 1548 advorsum
380 1501 500 1548 Romanos
521 1500 604 1547 bellum
626 1500 740 1562 suscipiat.

75 1518 134 1613 Ided
144 1564 220 1629 gratiis
238 1565 325 1614 facilius
335 1566 473 1628 proniusque
485 1565 535 1621 suit,
552 1566 613 1626 quod
623 1564 739 1624 Bocchus,

75 1630 134 1678 initio
145 1633 245 1709 hujusce·
249 1630 309 1687 belli,
319 1631 407 1693 legatos
415 1631 514 1678 Romam
526 1631 624 1686 miserat,
634 1631 708 1678 soedus
716 1637 741 1678 et

74 1697 191 1744 micinam
199 1696 310 1772 petitum.
328 1711 396 1757 quam
408 1711 463 1750 rem,
474 1697 692 1778 opportunissumam
703 1697 740 1744 in·

75 1769 136 1839 ccptp
152 1762 220 1815 bello,
237 1761 303 1822 pauci
316 1761 486 1823 impediverant,
504 1763 560 1810 caeci
576 1760 675 1819 ινιιίιίἲι,
690 1762 741 1824 quis

75 1828 147 1874 omnia
166 1827 262 1873 honesta
278 1832 347 1887 atque
362 1827 484 1873 inhonesta
498 1828 596 1875 vendere
612 1843 663 1874 mos
684 1833 739 1874 erat.

75 1889 150 1939 Etiam
161 1899 230 1938 antea
239 1889 362 1952 Jugurthae
368 1890 415 1938 iiiia
425 1891 512 1939 Bocchi
523 1882 636 1954 nupserat
651 1891 740 1938 Verum

76 1970 101 2002 ea
109 1956 253 2014 necessitudo
263 1957 323 2018 apud
333 1955 445 2003 Numidas
458 1957 598 2034 Maurosque
608 1957 666 2004 levis
676 1956 740 2003 duci-

76 2026 122 2066 tur·
114 2022 201 2083 ,quod
212 2021 302 2083 singuli,
313 2037 355 2083 pro
365 2023 444 2084 opibus
450 2037 550 2083 qunque,
558 2037 626 2084 quam
632 2021 741 2085 plurimas

76 2099 163 2142 mores,
181 2087 251 2134 denas
265 2086 309 2141 alii,
331 2087 369 2134 alii
384 2087 460 2149 plures
471 2088 568 2145 habent;
585 2086 625 2133 sed
636 2101 702 2148 reges
712 2101 741 2133 eo

76 2152 175 2213 emplius
208 2149 247 2198 Ita
257 2152 345 2198 animus
356 2152 499 2199 multitudine
516 2152 661 2207 distrahiturc
679 2152 741 2198 nulia

74 2229 113 2276 pro
124 2214 187 2263 socii
197 2217 297 2262 obtinet:
316 2218 399 2278 pariter
409 2231 489 2264 omnes
499 2216 556 2262 viles
567 2224 627 2263 sunt.

76 2304 81 2309 ·
104 2278 229 2327 LXXXI.
246 2279 322 2342 Igitur
332 2282 355 2327 in
366 2282 442 2329 locum
457 2281 564 2329 ambobus
581 2280 687 2343 placitum
699 2295 740 2326 ex-

75 2346 156 2392 ercitus
171 2346 320 2393 conveniunt.
351 2344 393 2402 Ibi,
412 2346 457 2394 fide
471 2343 523 2393 data
541 2353 565 2392 et
582 2343 679 2407 accepta
697 2344 740 2393 Ju-

74 2411 156 2488 gurtha
166 2409 254 2457 Bocchi
265 2411 365 2458 animum
376 2414 478 2459 oratione
488 2412 604 2458 ιιιειιιιὶιι
623 2409 742 2456 Romanos

73 2473 176 2537 injustos,
187 2474 298 2538 profundi
312 2474 414 2534 avaritia,
425 2477 552 2523 communis
559 2475 661 2523 omnium
671 2471 742 2519 hostis

74 2553 138 2587 esse
157 2543 259 2592 eamdem
269 2542 321 2589 ilios
328 2557 419 2589 causam
430 2542 542 2588 bellicum
551 2539 644 2586 Boccho
652 2537 742 2608 habere,

74 2617 141 2663 quam
152 2621 228 2654 secum
240 2615 327 2654 etcum
337 2608 387 2655 aliis
397 2607 509 2669 gentibus,
521 2601 656 2650 lubidinem'
650 2598 742 2658 imperi·

75 2669 151 2725 tendi.
164 2673 296 2737 quisompia
304 2670 549 2737 reguaadvorsasint.
562 2674 611 2729 tum
620 2678 678 2729 seso
687 2675 743 2724 {³³¹⁸-

499 2746 517 2780 ι
