1800 2942
252 174 399 226 'JUSTINI
415 174 470 225 Lm.
481 174 516 226 ΙΙ.
534 176 594 228 car.
605 183 632 226 4.
736 186 779 230 161
808 217 810 220 .

106 307 205 372 gloriam
221 307 392 369 concupiscunt.
426 306 518 356 Primus
541 309 633 370 Scythis
649 309 732 357 bellum
744 312 780 359 in·

107 374 167 421 dixit
179 373 295 425 Sesostris,
319 386 359 418 rex
370 372 503 435 AEgyptius,
523 375 598 421 missis
608 375 681 437 primo
692 375 781 437 legatis,

107 439 147 500 qui
165 438 267 485 hostibus
280 437 372 499 parendi
389 437 464 500 legem
482 439 590 485 dicerent.
622 440 668 487 Sed
680 440 780 500 Scythae,

103 505 154 567 jam
165 510 219 550 ante
230 502 259 548 de
268 502 367 548 adventu
378 503 439 565 regis
456 518 470 550 a
485 502 587 552 finitimis
597 506 705 552 certiores
715 506 779 565 iacti,

108 569 193 631 legatis
204 567 348 629 respondent,
360 573 376 596 ‘⁴
384 574 431 613 tam
443 568 543 629 opulenti
554 571 630 632 populi
640 570 719 617 ducem
732 582 779 619 sto·

107 634 155 681 lide
171 633 279 679 adversus
295 633 374 694 inopes
392 631 515 695 occupdrse
530 634 622 692 bellum,
634 636 693 696 quod
705 637 779 699 magis

13 747 18 755 ,
109 699 172 747 domi
184 697 252 744 fuerit
269 698 300 744 ssli
319 698 457 744 timendum:
477 700 537 760 quod
547 700 600 747 belli
611 709 725 748 certamen
736 716 779 748 rn-

107 780 170 827 eeps,
186 762 280 825 praemia
289 764 392 810 victoriae
400 763 471 817 nullu,
493 765 574 812 damna
590 765 709 813 manifesta
726 768 779 816 sint.

107 828 186 893 Igitur
194 843 240 875 non
249 835 418 890 exspectaturos
426 828 531 890 Scythas,
542 831 595 876 dum
602 832 630 878 ad
638 833 779 889 sevenistur,

107 909 162 944 oum
179 900 243 941 tanto
262 894 303 940 sibi
319 894 384 957 plura
398 893 423 941 in
439 896 505 941 hoste
521 897 700 959 concupiscenda
718 899 778 956 sint;

107 961 215 1021 ultroque
225 959 308 1021 praedae
316 960 388 1007 ituros
398 959 513 1007 obviam.’‘
547 960 599 1008 Nec
610 962 669 1009 dicta
680 978 717 1009 res
727 978 778 1011 mo·

106 1033 164 1074 rata.
183 1024 250 1079 Quos
260 1039 312 1071 cum
324 1024 386 1072 tontd
397 1025 512 1073 celeritate
517 1027 595 1073 venire
605 1041 646 1073 rex
657 1028 779 1082 didicisset,

105 1090 655 1219 bbdd‘d‘sssg„tititatittnsst
672 1102 780 1217 'titt

105 1218 495 1283 abAEgyptopaiudesprohibudre.
529 1219 779 1277 Indereversi,Asiam

105 1287 259 1351 perdomitam
266 1286 401 1348 vectigalem
411 1283 493 1339 fecere,
504 1287 594 1334 modico
603 1288 694 1341 tributo,
705 1289 779 1350 magis

106 1355 133 1401 in
152 1351 243 1399 titulum
261 1351 354 1414 imperii,
372 1365 438 1412 quam
450 1352 474 1396 in
485 1351 587 1398 victorine
596 1352 722 1413 praemium,
733 1354 778 1399 im·

104 1418 191 1482 posito.
224 1415 360 1470 Quindecim
376 1416 441 1463 anuis
457 1417 565 1478 paenndae
576 1416 640 1464 Λεία
657 1418 777 1473 immorati,

107 1497 208 1531 uxorum
219 1480 360 1544 flagitatione
370 1489 512 1536 revocantur,
531 1498 572 1544 per
587 1482 675 1544 legatos
689 1483 778 1529 denun-

104 1548 223 1602 tiantibus,
240 1548 264 1594 ni
277 1547 375 1603 redeant,
388 1547 493 1608 sobolem
505 1563 530 1594 se
540 1562 570 1593 ex
580 1546 682 1594 finitimis
692 1547 776 1609 quaesi·
800 1582 806 1598 1

105 1623 178 1668 turm,
198 1626 241 1659 nec
259 1627 370 1675 passuras,
389 1620 415 1659 ut
433 1612 458 1657 in
468 1611 621 1674 posteritatem
641 1612 776 1674 Scytharum

103 1694 183 1743 genus
199 1692 240 1740 per
257 1678 353 1725 feminas
369 1678 494 1724 intercidat.
529 1676 576 1724 His
589 1679 659 1740 igitur
670 1680 778 1742 Asiaper

103 1744 171 1792 mille
188 1742 325 1805 quingentos
342 1758 414 1790 annos
430 1743 549 1805 vectigalis
566 1742 617 1791 suit.
659 1743 776 1792 Pendendi

103 1809 185 1858 tributi
195 1807 265 1856 finem
276 1807 359 1863 Ninus,
372 1822 413 1855 rex
424 1807 581 1870 Assyriorum,
592 1810 705 1873 imposuit.

140 1872 188 1922 IV.
204 1874 250 1921 Sed
262 1874 321 1936 apud
339 1873 437 1934 Scythas
451 1875 526 1922 medio
542 1882 644 1938 tempore
658 1876 703 1923 duo
720 1876 777 1939 regii

96 1945 208 2006 juvenes,
220 1938 302 1986 Yliuos
311 1945 336 1986 et
347 1939 482 2001 Scolopitos,
498 1956 539 2002 per
548 1940 668 1988 factionem
681 1942 777 2001 optima-

105 2016 157 2055 tum
164 2006 233 2052 domo
242 2005 308 2067 pulsi,
315 2005 431 2067 ingentem
437 2003 581 2067 juventutem
589 2021 666 2052 secum
675 2003 776 2063 traxere5

101 2079 130 2122 et
148 2071 172 2117 in
188 2067 339 2132 Cappadociae
358 2067 397 2117 ori
414 2071 482 2131 juxta
499 2085 589 2117 omn·
606 2069 779 2118 Tbermodonts

101 2135 265 2190 consederunt,
282 2135 439 2197 subjectosque
451 2134 621 2196 Themiscyrios
633 2150 726 2197 campos
736 2150 777 2182 oc·

100 2198 226 2265 cupavire.
259 2198 293 2246 Ibi
313 2216 353 2261 per
369 2200 454 2247 multos
469 2215 541 2247 annos
559 2200 655 2262 spoliare
670 2199 779 2248 finitimos

103 2267 201 2323 nsueti,
218 2265 384 2327 conspiratione
400 2265 535 2327 populorum
549 2280 589 2327 per
606 2265 698 2312 insidias
708 2266 778 2312 truci·

102 2335 198 2381 dantur.
231 2329 323 2377 Horum
340 2345 430 2383 uxores,
448 2346 500 2377 cum
511 2331 614 2377 viderent
624 2330 704 2377 exsilio
715 2330 778 2377 addi·

103 2407 154 2447 nm
166 2396 291 2449 orbitatem,
302 2411 365 2443 erma
375 2403 481 2452 sumunt;
498 2394 600 2457 finesque
610 2412 671 2449 suos,
685 2397 777 2443 submo-

104 2470 188 2511 ventes
198 2461 279 2523 primo,
290 2475 345 2507 mox
355 2462 422 2508 etiam
435 2459 557 2508 inferentes
568 2461 632 2515 bella,
644 2460 774 2507 defendunt.

105 2527 215 2576 Nubendi
225 2541 315 2587 quoque
324 2524 426 2573 finitimis
440 2527 540 2572 animum
552 2524 662 2581 omisir23
679 2525 777 2571 servitu·
794 2567 797 2580 ¹

105 2603 161 2648 tem,
172 2607 220 2639 non
231 2591 405 2645 matrimonium,
417 2589 562 2652 appellantes.
595 2588 715 2651 singulare
725 2600 776 2633 om-

104 2662 169 2708 nium
182 2656 316 2704 saeculorum
328 2656 457 2717 exemplum
469 2670 537 2709 ausae,
556 2654 716 2717 rempublicam
727 2651 776 2696 sine

102 2726 166 2779 viris,
174 2715 224 2787 iam
235 2723 303 2771 etiam
317 2736 370 2769 cum
381 2727 499 2769 contemtu
509 2721 618 2831 virprum,
637 2732 663 2766 se
674 2722 774 2765 tuentur.

517 2798 531 2831 r
