1800 2942
230 180 366 232 JUSTINI
383 180 517 229 1212va
536 179 596 230 Car.
607 184 631 230 5.
709 187 758 233 279

92 321 196 362 mentum
207 313 304 376 generis,
322 311 495 374 praeferebatur:
514 317 579 358 veste
596 311 715 373 purpurei,
734 322 759 360 et

93 380 210 427 cothurnis
221 393 301 440 regum
315 378 458 439 tragicorum,
470 383 494 422 et
506 374 574 423 aurei
584 374 667 422 coronis
680 377 758 423 uteba·

93 452 131 492 tur
138 462 146 502 ;
163 443 234 490 filium
250 457 339 504 quoque
349 457 414 488 suum
426 440 547 489 Ceraunon
558 452 631 496 vocat,
648 449 673 487 ut
684 441 757 497 Deos,

92 525 141 556 non
157 509 273 555 mendacio
284 516 377 560 tautum,
394 521 473 552 verum
492 506 560 552 etiarn
579 507 713 560 nominibus,
730 506 758 552 il-

92 574 164 621 ludat.
197 572 257 619 Haec
275 572 339 618 illum
357 571 430 618 facere
448 571 493 617 duo
512 570 642 618 nobilissimi
659 573 757 633 juvenes

94 636 172 686 Chion
189 646 212 684 et
227 636 339 684 Leonides
362 636 512 698 indignantes.
534 638 631 697 patriam.
645 636 757 682 liberaturi

93 704 208 750 inuocem
219 702 308 763 tyranni
317 702 452 762 conspirant.
473 699 546 747 Erant
557 698 580 746 hi
592 701 691 762 discipuli
703 699 758 748 Plu·

93 769 154 815 tonis
165 767 298 829 philosophi,
308 770 345 827 qui
357 766 471 823 virtutem,
483 766 583 826 adquam
592 767 691 826 quotidie
699 778 759 828 prae·

92 833 165 894 ceptis
175 833 276 893 magistri
286 831 447 884 erudiebantur,
464 832 542 894 patriae
553 831 657 877 exhibere
667 831 759 892 cupien-

92 906 137 952 tes,
148 898 309 958 quinquaginta
315 903 425 973 cognatos
436 893 518 958 [veluti
529 894 633 958 clientes]
642 896 665 941 in
674 895 760 942 insidiis

93 963 178 1009 locant.
210 961 258 1023 Ipsi
270 977 333 1008 more
339 963 486 1023 purgantium
497 961 525 1007 ad
537 969 657 1022 tyrannum
678 957 759 1021 [veluti

93 1027 123 1074 ad
134 1025 223 1089 regem]
235 1027 258 1071 in
269 1040 343 1071 arcein
354 1026 508 1071 contenduntz
528 1027 565 1084 qui
576 1027 630 1086 jure
643 1024 759 1072 familiari·

92 1092 147 1138 tatis
157 1091 254 1144 admissi,
266 1091 319 1136 dum
330 1090 424 1135 alterurn
433 1090 529 1150 priorem
537 1089 647 1135 dicentem
659 1091 760 1137 intentus

93 1156 157 1203 audit
172 1163 288 1215 tyrannus,
305 1155 332 1200 ab
348 1153 418 1199 altero
433 1154 585 1199 obtruncatur.
619 1153 664 1199 Sed
675 1162 698 1200 et
708 1155 758 1215 ipsi,

94 1221 162 1268 sociis
174 1220 257 1265 tardius
268 1219 375 1265 auxilium
390 1216 519 1271 ferentibus,
538 1231 552 1262 a
569 1217 699 1263 satellitibus
718 1219 759 1265 ob·

93 1293 198 1332 suuntur.
230 1283 285 1339 Qut
299 1299 324 1330 re
340 1282 424 1329 factum
442 1289 483 1336 est,
501 1288 526 1327 ut
542 1288 652 1342 tyrannus
667 1282 759 1341 quidem

93 1350 240 1404 occideretur,
261 1349 301 1395 sed
311 1349 382 1411 putria
394 1362 440 1394 non
451 1347 587 1394 liberaretur.
618 1345 679 1393 Nam
689 1346 759 1394 stater

95 1413 201 1463 Clearcbi
222 1414 317 1475 Satyrus
338 1413 416 1460 eadem
438 1411 476 1460 vid
492 1411 633 1473 tyrannidem
654 1411 758 1460 invadit:

93 1480 217 1540 multisque
227 1480 299 1532 annis,
313 1494 353 1540 per
363 1477 447 1540 gradus
458 1476 611 1535 successionis,
624 1474 760 1524 Heraeum-⁴

92 1556 131 1594 ses
141 1559 237 1608 reguum
248 1551 395 1605 tyrannorum
405 1540 475 1590 suere.
