1800 2942
229 178 366 232 ruamur
381 178 529 232 nnxvn.
546 162 638 234 cria
717 187 763 233 sss

95 312 168 361 matis
180 312 259 360 inclusi
270 314 417 372 ridebantur3
434 315 532 375 vitaeque
541 311 617 370 finem,
633 316 679 360 non
694 327 767 361 anno·

95 392 152 426 rum
165 377 243 440 spatio,
253 379 292 424 sed
302 378 388 440 imperii
399 380 507 434 terminis,
517 379 673 425 metiebantur.

134 440 171 489 II.
188 440 217 488 In
235 457 262 488 eo
279 442 337 489 bello
352 442 509 505 Lysimachus,
526 443 614 489 amissis
631 450 683 489 ante
700 443 769 490 variis

97 507 191 554 casibus
210 507 336 568 quindecim
354 509 435 563 liberis,
458 522 504 555 non
525 509 641 554 instrenue
661 507 767 561 moriens,

96 578 229 683 posttpemua
240 572 320 683 dpmila
331 587 379 619 suae
386 574 458 619 ruinae
465 573 567 650 cumulus
574 569 770 650 accessitaALaetus

96 644 151 761 iii)
164 637 771 771 dittiiittht‘llttldhltiltlht

99 775 221 827 roremque
239 766 350 812 victoruln
372 766 491 820 exstitisse,
510 781 555 813 non
574 768 697 814 humanum
719 781 769 813 asse

99 846 167 893 opus,
180 832 219 877 sed
229 830 330 877 divinum
338 847 420 878 munus
427 833 551 893 gloriatur;
567 832 660 894 ignarus
669 846 769 894 prorsus}

100 908 151 943 non
165 895 237 941 multo
247 903 299 957 post
309 895 435 958 fragilitatis
446 898 551 944 humanae
567 913 592 944 se
607 897 680 958 ipsum
692 911 770 943 exem·

100 961 167 1024 plum
176 959 292 1007 futurum:
312 962 400 1023 quippe,
419 969 472 1023 post
487 977 577 1008 menses
586 963 707 1009 admodum
718 975 769 1023 sep·

101 1034 158 1078 tem,
171 1040 184 1071 a
195 1020 328 1078 Ptolemaeo,
339 1029 403 1089 cujus
413 1042 513 1073 sororem
523 1026 673 1087 Lysimachus
684 1027 707 1073 in
720 1040 769 1072 ma·

101 1090 211 1136 trimonio
222 1091 333 1144 habuerat,
352 1106 393 1152 per
410 1092 502 1137 insidias
520 1091 692 1145 circumventus,
710 1090 771 1138 occi-
871 1102 874 1113 ¹

102 1156 179 1210 ditum
203 1169 344 1216 regnumque
367 1155 518 1208 Macedoniae,
543 1155 603 1215 quod
633 1154 771 1216 Lysimacho

102 1219 224 1281 cripuerat,
241 1235 293 1265 cum
310 1217 357 1266 vira
375 1219 458 1280 pariter
475 1220 564 1266 amittit.
597 1218 672 1280 Igitur
685 1218 769 1265 Ptole-

102 1296 184 1338 maeus,
195 1299 248 1331 cum
259 1291 282 1330 et
292 1284 316 1330 in
326 1285 421 1346 gratiam
433 1285 549 1331 memoriae
563 1284 640 1345 magni
652 1282 771 1331 Ptolemaei

102 1349 182 1412 patris,
202 1358 226 1396 et
237 1348 372 1395 infusorem
384 1349 475 1395 ultionis
486 1348 624 1409 Lysimachi,
641 1348 771 1395 ambiuoms

104 1413 135 1460 ad
148 1413 266 1475 populares
276 1421 342 1468 esset,
353 1415 425 1476 primo
438 1412 569 1474 Lysimachi
583 1412 642 1460 filios
653 1413 773 1460 conciliare

103 1478 146 1526 sibi
158 1479 249 1535 statuit;
266 1479 399 1541 nuptiasque
410 1479 520 1525 Arsinoes
535 1480 618 1525 sororis
629 1493 683 1533 suae,
694 1477 772 1524 matria

105 1557 191 1598 eorum,
203 1544 266 1604 petit,
275 1559 394 1606 puerorum
405 1544 525 1606 adoptione
535 1541 657 1605 promissd3
674 1548 706 1595 ut,
719 1556 771 1589 eum

105 1609 130 1654 in
146 1608 221 1654 locum
236 1609 305 1670 patris
322 1623 399 1655 eorum
414 1608 565 1662 successisset,
582 1607 637 1654 nihil
647 1607 679 1653 illi
690 1605 771 1663 moliri,

104 1673 144 1719 vel
154 1671 290 1719 verecundiri
299 1675 386 1732 matris,
401 1674 438 1720 vel
456 1673 603 1735 appellatione
615 1673 691 1735 patris,
703 1672 771 1719 aude·

106 1743 165 1784 rent.
197 1736 283 1785 Fratris
295 1753 384 1799 quoque
394 1739 456 1800 regis
472 1738 570 1800 AEgypti
581 1737 721 1785 concordiam
731 1752 772 1799 per

106 1802 214 1863 epistolas
229 1804 374 1865 deprecatur;
391 1802 524 1866 proiesssus,
541 1803 652 1865 deponere
663 1819 688 1850 se
698 1801 770 1849 offen·

106 1881 157 1914 sam
178 1869 248 1930 erepti
267 1868 353 1930 paterni
372 1869 443 1931 regui,
466 1883 539 1928 neque
557 1868 652 1930 amplius
670 1883 684 1914 a
702 1865 771 1913 fratre

107 1932 262 1992 quaesiturum,
285 1934 344 1993 quod
363 1934 479 1980 honestius
498 1948 511 1979 a
529 1942 623 1995 paterno
639 1934 705 1979 hoste
719 1940 771 1992 per·

105 1997 197 2058 ceperit.
229 1996 343 2058 Omnique
353 2006 401 2045 arte
411 1997 514 2045 adulatur
523 1997 651 2051 Nicomedi,
667 2010 702 2050 ne,
710 2002 782 2042 aeum‘

106 2059 227 2123 Antigono
243 2060 363 2118 Demetrii,
383 2063 499 2110 Antiocho
516 2060 604 2109 Seleuci
620 2060 672 2107 liliis
687 2059 771 2106 bellum

107 2125 217 2181 habituro,
239 2128 318 2174 tertius
340 2128 381 2175 sibi
403 2127 474 2174 hostis
495 2126 620 2174 accederet.
663 2124 707 2172 Sed
728 2139 771 2172 nec

107 2188 210 2250 Pyrrhus
237 2204 278 2238 rex
302 2192 367 2254 Epiri
394 2193 497 2248 omissus,
525 2191 607 2254 ingens
631 2196 771 2237 momentum

105 2254 203 2309 futurus,
224 2258 268 2302 utri
284 2257 342 2318 parti
364 2259 438 2304 socius
457 2256 603 2304 accessisset:
628 2255 667 2316 qui
685 2255 773 2317 etipse

107 2319 202 2382 spoliare
212 2320 314 2382 singulos
327 2324 426 2383 cupiens,
434 2323 539 2368 omnibus
550 2336 574 2368 se
584 2321 683 2382 partibus
693 2321 772 2368 vendi·

107 2385 174 2432 utra
207 2382 294 2446 Itaque,
307 2386 436 2434 Tarentinis
446 2387 553 2433 adversus
561 2385 678 2433 Romanos
687 2386 775 2433 laturus

106 2449 221 2505 auxilium,
233 2451 261 2498 ab
272 2452 390 2514 Antigono
398 2467 476 2509 naves,
485 2452 513 2498 ad
521 2453 642 2499 exercitum
650 2452 674 2497 in
683 2449 773 2497 Italiam

106 2514 278 2574 deportandum,
294 2526 374 2564 mutuo
383 2518 440 2628 petit
445 2533 454 2575 3
471 2517 499 2563 ab
516 2517 631 2563 Antiocho
647 2515 773 2579 pecuniam,

107 2579 145 2639 qui
156 2580 233 2641 opibus
243 2594 311 2641 quam
325 2581 383 2628 milit
406 2597 433 2628 us
448 2582 579 2629 instructior
589 2588 653 2638 erat3
670 2579 773 2626 aPtola·

106 2658 166 2691 maeo
174 2643 327 2693 Macedonum
337 2646 435 2694 militum
448 2646 538 2694 auxilia.
571 2646 617 2693 Sed
628 2643 772 2698 Ptolemaeus,

104 2708 142 2757 cui
152 2709 213 2759 nulla
223 2710 337 2761 dhtionis
351 2724 381 2761 ex
396 2711 527 2760 infirmitate
537 2711 619 2760 virium
630 2708 697 2759 venia
706 2715 772 2765 aaut,

505 2779 578 2823 213
