1800 2942
246 143 382 197 Jusrnn
397 143 533 227 anxur.
550 143 643 198 orsa
724 147 772 195 arr
833 112 836 117 ’

103 276 195 323 ensium
204 277 330 340 populatur,
338 277 432 324 classem
440 292 492 323 cum
501 278 586 339 majore
592 283 654 339 parte
662 273 774 323 exercitiis

102 340 225 405 naufragio
237 343 358 403 repentinae
369 343 509 404 tempestatis
520 342 601 388 amisit.
632 339 773 402 ltaquecum
803 354 804 359 ¹

104 421 181 466 neque
192 407 247 453 mari
257 416 340 469 posset,
359 408 447 454 amissis
458 407 560 464 navibus,
578 421 652 467 neque
662 403 721 453 terri
731 419 773 451 au·

105 470 171 517 deret
182 486 233 516 cum
243 470 391 532 parvbssmanu
402 473 461 518 inter
479 479 514 519 tot
531 472 682 518 ferocissimas
692 476 772 532 gentes

100 536 208 593 reuerti3
226 534 392 591 Heraclienses,
414 537 565 584 honestiorem
584 534 685 583 beneficii
706 547 773 595 quam

105 600 199 647 ultionis
207 602 347 647 occasionem
356 602 405 656 rati,
410 602 533 649 instructos
541 600 701 651 commeatibus
708 599 773 645 auxi·

104 663 189 724 liisque
204 664 335 722 dimittunt;
352 667 410 713 bene
426 674 532 728 agrorum
543 681 634 713 suornm
645 664 771 727 populatio·

104 743 158 775 nem
170 730 293 792 impensam
310 731 472 786 existimantes,
492 731 518 788 si,
534 746 591 792 quos
601 732 678 777 hostes
689 729 772 776 babue-

99 802 162 848 rant,
173 795 257 842 amicos
269 795 422 842 reddidissent.
830 842 832 851 ,

76 878 78 881 ·
98 874 102 881 ·
139 856 185 905 lv.
201 858 266 906 Passi
284 867 342 916 sunt,
361 860 419 907 inter
429 860 525 923 plurima
535 861 600 919 rnala,
613 860 680 908 etiam
692 866 771 920 tyran·

99 922 196 970 'nidems
216 924 332 985 siquidem,
353 941 405 972 cum
422 927 484 987 plebs
502 933 526 972 et
542 941 613 972 novas
634 924 728 980 tabulas,
748 929 772 969 et

103 989 239 1035 divisionem
258 1004 363 1052 agrorum
383 990 478 1036 divitum
497 991 632 1052 impotenter
651 989 771 1052 flagitaret,

103 1053 143 1099 diu
154 1069 179 1100 re
189 1055 214 1100 in
225 1061 304 1101 senatu
318 1054 418 1110 tractati,
436 1070 487 1101 cunr
507 1057 580 1102 exitus
597 1055 628 1102 rei
644 1069 689 1102 nou
707 1055 771 1100 inve-

103 1118 197 1174 niretur,
220 1119 248 1165 ad
266 1126 404 1180 postremm
418 1119 525 1165 adversus
541 1120 627 1182 plebem
643 1119 714 1166 nimio
724 1119 772 1164 otio

101 1182 258 1231 lascivientem
273 1184 355 1230 auxilia
365 1199 378 1230 a
388 1182 510 1229 'limotbeo
522 1184 693 1230 Atheniensium
707 1183 770 1237 duce

101 1262 158 1294 mox
169 1250 196 1295 ab
207 1247 366 1309 Epaminondai
381 1247 539 1294 Thebanorum
550 1245 657 1310 petivbre.
693 1246 770 1294 Utris-

101 1328 147 1374 que
158 1313 299 1375 negantibus,
311 1314 338 1359 ad
350 1311 492 1366 clearchum,
503 1328 569 1373 quem
577 1312 619 1374 ipsi
630 1313 654 1358 in
665 1312 768 1358 exsilium

101 1385 204 1439 egerant,
223 1378 351 1425 decurrunt.
382 1377 458 1424 Tanta
475 1377 634 1424 calamitatium
647 1377 769 1423 necessitas

60 1452 63 1461 ’
101 1441 154 1500 suit,
172 1449 204 1498 ut,
222 1444 258 1489 cui
274 1442 368 1504 patriam
385 1443 553 1496 interdixerant,
573 1457 624 1489 eum
636 1443 663 1488 ad
675 1441 768 1489 tutelam

101 1508 183 1569 patriae
193 1515 330 1555 revocarent
365 1507 410 1555 Sed
422 1505 553 1560 Clearchus,
567 1507 646 1553 exsilio
656 1505 768 1553 facinoro-

103 1573 151 1618 sior
161 1572 267 1629 redditus,
285 1578 308 1619 et
319 1572 480 1619 dissensionem
494 1572 570 1635 populi
581 1572 721 1619 occasionem
732 1571 768 1618 in·

102 1637 213 1684 vadendae
230 1638 356 1698 tyrannidis
371 1638 509 1691 existimans,
527 1638 600 1699 primo
617 1636 698 1682 tacitus
717 1651 768 1683 cum

103 1700 244 1755 Mithridate,
267 1702 350 1749 civium
371 1717 463 1749 suorum
486 1703 557 1757 boste,
579 1701 729 1762 colloquitur;
746 1710 770 1750 et

102 1763 161 1814 istst
179 1768 286 1813 societate
301 1767 427 1829 paciscitur,
448 1774 479 1823 ut,
499 1774 616 1814 revocatus
632 1767 768 1829 inpubium,

101 1829 191 1894 proditi
202 1832 222 1878 ei
235 1833 294 1885 urbe,
308 1831 428 1894 praefectur
439 1833 487 1895 ejus
498 1833 678 1880 constitueretur.
700 1832 768 1880 Post·

95 1911 131 1943 es
147 1903 222 1942 autem
240 1897 336 1951 insidias,
348 1912 405 1958 quas
415 1897 501 1945 civibus
518 1904 640 1959 paraverat,
656 1898 680 1944 in
695 1898 769 1959 ipsum

102 1960 252 2008 Mithridaten
267 1971 383 2009 verterat·
404 1962 515 2023 Namque,
538 1977 589 2009 cum
611 1962 674 2009 velut
686 1963 768 2010 arbiter

101 2025 176 2072 civilis
192 2025 309 2073 discordiae
326 2027 354 2074 de
372 2028 452 2074 exsilio
471 2042 575 2075 reversus
593 2035 660 2080 esset,
683 2034 768 2074 statuto

100 2097 209 2151 tempore,
226 2106 271 2152 quo
282 2092 358 2138 urbem
370 2091 498 2139 Mithridati
509 2093 615 2148 maderet,
632 2091 704 2152 ipsum
716 2106 768 2138 cunr

101 2155 181 2201 amicis
197 2157 243 2202 suis
262 2157 332 2217 cepit3
349 2165 490 2220 captumque,
502 2153 591 2218 accepti
602 2155 688 2216 ingenti
700 2170 768 2217 pecu-

100 2217 146 2274 nid,
164 2219 255 2267 dimisit.
288 2223 366 2282 Atque
381 2230 405 2269 ut
421 2223 445 2268 in
460 2222 499 2268 illo
516 2221 612 2268 subitum
626 2235 651 2266 se
663 2234 693 2265 ex
707 2221 768 2269 socio

100 2284 157 2331 fecit
167 2285 262 2338 hostem,
274 2287 313 2340 sic,
329 2302 358 2332 ex
371 2286 489 2333 defensore
500 2284 618 2332 senatoriae
629 2299 710 2340 cauam
730 2301 766 2332 re-

100 2355 171 2411 pente
187 2357 294 2411 patronus
305 2351 375 2412 plebis
396 2352 483 2408 evasit;
501 2357 525 2396 et
541 2350 647 2396 adversus
664 2357 766 2397 auctores

101 2413 211 2476 potentiae
222 2416 384 2476 suae,aquibus
392 2421 510 2461 reuocatus
521 2415 543 2460 in
554 2415 655 2476 patriam,
661 2429 703 2476 per
709 2430 766 2476 quos

92 2477 125 2527 in
137 2492 188 2524 arce
198 2478 404 2534 collocutusiuerat,
414 2494 460 2526 nori
469 2480 540 2526 solum
552 2478 639 2540 plebem
647 2479 751 2526 accendit
757 2496 765 2537 ;

99 2557 180 2589 verum
192 2543 258 2590 etiam
270 2543 428 2591 nefandissima
442 2559 539 2605 quaeque
553 2545 677 2605 tyrannicos
687 2543 766 2590 crude-

97 2608 169 2653 litatis
177 2610 284 2656 exercuit,
316 2607 391 2672 Igitur
401 2608 484 2671 populo
495 2609 523 2654 ad
534 2609 665 2655 concionem
675 2616 763 2660 vocato,

92 2677 116 2701 ·“
125 2685 198 2734 neque
213 2688 238 2722 se
255 2673 374 2723 affuturum
391 2674 487 2737 amplius
502 2674 613 2736 meanti
624 2674 648 2720 in
658 2672 765 2735 populum

499 2742 537 2784 21
