<?xml version="1.0" encoding="UTF-8"?>
<!DOCTYPE html PUBLIC "-//W3C//DTD XHTML 1.0 Transitional//EN"
    "http://www.w3.org/TR/xhtml1/DTD/xhtml1-transitional.dtd">
<html xmlns="http://www.w3.org/1999/xhtml" xml:lang="en" lang="en">
 <head>
  <title>
</title>
<meta http-equiv="Content-Type" content="text/html;charset=utf-8" />
  <meta name='ocr-system' content='tesseract 3.04.00' />
  <meta name='ocr-capabilities' content='ocr_page ocr_carea ocr_par ocr_line ocrx_word'/>
</head>
<body>
  <div class='ocr_page' id='page_1' title='image "./quaeintegrasupe00grongoog_0514.png"; bbox 0 0 1800 2942; ppageno 0'>
   <div class='ocr_carea' id='block_1_1' title="bbox 130 114 682 172">
    <p class='ocr_par' dir='ltr' id='par_1_1' title="bbox 130 114 682 172">
     <span class='ocr_line' id='line_1_1' title="bbox 130 114 682 172; baseline -0.009 -1"><span class='ocrx_word' id='word_1_1' title='bbox 130 122 179 172; x_wconf 77' lang='lat' dir='ltr'>tlt</span> <span class='ocrx_word' id='word_1_2' title='bbox 259 116 396 168; x_wconf 71' lang='lat' dir='ltr'>Justtut</span> <span class='ocrx_word' id='word_1_3' title='bbox 412 116 466 166; x_wconf 77' lang='lat' dir='ltr'>Lrs.</span> <span class='ocrx_word' id='word_1_4' title='bbox 476 115 570 166; x_wconf 77' lang='lat' dir='ltr'>xuv.</span> <span class='ocrx_word' id='word_1_5' title='bbox 586 114 682 167; x_wconf 61' lang='lat' dir='ltr'>Cumis</span> 
     </span>
    </p>
   </div>
   <div class='ocr_carea' id='block_1_2' title="bbox 101 245 889 2889">
    <p class='ocr_par' dir='ltr' id='par_1_2' title="bbox 131 245 882 361">
     <span class='ocr_line' id='line_1_2' title="bbox 131 245 882 361; baseline 0.003 -66"><span class='ocrx_word' id='word_1_6' title='bbox 131 254 184 361; x_wconf 77' lang='lat' dir='ltr'>post</span> <span class='ocrx_word' id='word_1_7' title='bbox 204 246 273 295; x_wconf 84' lang='lat' dir='ltr'>linem</span> <span class='ocrx_word' id='word_1_8' title='bbox 294 246 389 311; x_wconf 76' lang='lat' dir='ltr'>TroJ&#39;aui</span> <span class='ocrx_word' id='word_1_9' title='bbox 410 246 470 304; x_wconf 87' lang='lat' dir='ltr'>belli,</span> <span class='ocrx_word' id='word_1_10' title='bbox 492 245 607 296; x_wconf 80' lang='lat' dir='ltr'>Teucrum</span> <span class='ocrx_word' id='word_1_11' title='bbox 629 254 711 297; x_wconf 76' lang='lat' dir='ltr'>morte</span> <span class='ocrx_word' id='word_1_12' title='bbox 730 248 812 312; x_wconf 66' lang='lat' dir='ltr'>Aiacis</span> <span class='ocrx_word' id='word_1_13' title='bbox 879 255 882 260; x_wconf 92' lang='lat'>&#39;</span> 
     </span>
    </p>

    <p class='ocr_par' dir='ltr' id='par_1_3' title="bbox 131 311 814 895">
     <span class='ocr_line' id='line_1_3' title="bbox 142 311 812 375; baseline -0.001 -14"><span class='ocrx_word' id='word_1_14' title='bbox 142 312 208 361; x_wconf 70' lang='lat' dir='ltr'>ratri·</span> <span class='ocrx_word' id='word_1_15' title='bbox 218 314 316 361; x_wconf 83' lang='lat' dir='ltr'>invisum</span> <span class='ocrx_word' id='word_1_16' title='bbox 327 313 384 375; x_wconf 78' lang='lat' dir='ltr'>patri</span> <span class='ocrx_word' id='word_1_17' title='bbox 395 311 522 366; x_wconf 73' lang='lat' dir='ltr'><strong>Telamoni,</strong></span> <span class='ocrx_word' id='word_1_18' title='bbox 534 328 586 359; x_wconf 89' lang='lat' dir='ltr'>cum</span> <span class='ocrx_word' id='word_1_19' title='bbox 601 327 649 359; x_wconf 86' lang='lat' dir='ltr'>non</span> <span class='ocrx_word' id='word_1_20' title='bbox 667 314 812 375; x_wconf 73' lang='lat' dir='ltr'>reciperetur</span> 
     </span>
     <span class='ocr_line' id='line_1_4' title="bbox 131 376 811 440; baseline 0.001 -15"><span class='ocrx_word' id='word_1_21' title='bbox 131 378 156 425; x_wconf 90' lang='lat' dir='ltr'>in</span> <span class='ocrx_word' id='word_1_22' title='bbox 169 393 271 440; x_wconf 82' lang='lat' dir='ltr'>regnum,</span> <span class='ocrx_word' id='word_1_23' title='bbox 293 376 396 439; x_wconf 84' lang='lat' dir='ltr'>Cyprum</span> <span class='ocrx_word' id='word_1_24' title='bbox 415 378 561 431; x_wconf 72' lang='lat' dir='ltr'>concessisse</span> <span class='ocrx_word' id='word_1_25' title='bbox 584 385 653 437; x_wconf 83' lang='lat' dir='ltr'>atque</span> <span class='ocrx_word' id='word_1_26' title='bbox 676 378 708 426; x_wconf 90' lang='lat' dir='ltr'>ibi</span> <span class='ocrx_word' id='word_1_27' title='bbox 730 379 811 426; x_wconf 71' lang='lat' dir='ltr'>urhun</span> 
     </span>
     <span class='ocr_line' id='line_1_5' title="bbox 133 442 812 504; baseline 0 -15"><span class='ocrx_word' id='word_1_28' title='bbox 133 443 225 490; x_wconf 86' lang='lat' dir='ltr'>nomine</span> <span class='ocrx_word' id='word_1_29' title='bbox 242 444 340 502; x_wconf 88' lang='lat' dir='ltr'>antiquae</span> <span class='ocrx_word' id='word_1_30' title='bbox 356 443 435 504; x_wconf 75' lang='lat' dir='ltr'>patriae</span> <span class='ocrx_word' id='word_1_31' title='bbox 447 442 561 492; x_wconf 75' lang='lat' dir='ltr'>Salamina</span> <span class='ocrx_word' id='word_1_32' title='bbox 579 442 729 500; x_wconf 81' lang='lat' dir='ltr'>condidisse3</span> <span class='ocrx_word' id='word_1_33' title='bbox 750 442 812 496; x_wconf 82' lang='lat' dir='ltr'>iude,</span> 
     </span>
     <span class='ocr_line' id='line_1_6' title="bbox 131 506 814 571; baseline -0.001 -16"><span class='ocrx_word' id='word_1_34' title='bbox 131 506 224 570; x_wconf 75' lang='lat' dir='ltr'>accepti</span> <span class='ocrx_word' id='word_1_35' title='bbox 235 508 340 571; x_wconf 86' lang='lat' dir='ltr'>opinione</span> <span class='ocrx_word' id='word_1_36' title='bbox 356 515 457 569; x_wconf 83' lang='lat' dir='ltr'>paternae</span> <span class='ocrx_word' id='word_1_37' title='bbox 473 508 559 561; x_wconf 86' lang='lat' dir='ltr'>mortis,</span> <span class='ocrx_word' id='word_1_38' title='bbox 577 507 675 568; x_wconf 77' lang='lat' dir='ltr'>patriam</span> <span class='ocrx_word' id='word_1_39' title='bbox 691 508 814 569; x_wconf 76' lang='lat' dir='ltr'>repetisse.</span> 
     </span>
     <span class='ocr_line' id='line_1_7' title="bbox 134 569 811 636; baseline 0 -16"><span class='ocrx_word' id='word_1_40' title='bbox 134 571 180 620; x_wconf 81' lang='lat' dir='ltr'>Sed</span> <span class='ocrx_word' id='word_1_41' title='bbox 191 588 243 618; x_wconf 87' lang='lat' dir='ltr'>curn</span> <span class='ocrx_word' id='word_1_42' title='bbox 255 575 282 619; x_wconf 81' lang='lat' dir='ltr'>ab</span> <span class='ocrx_word' id='word_1_43' title='bbox 293 571 417 633; x_wconf 79' lang='lat' dir='ltr'><strong>Eurysace,</strong></span> <span class='ocrx_word' id='word_1_44' title='bbox 430 572 508 636; x_wconf 84' lang='lat' dir='ltr'>Ajacis</span> <span class='ocrx_word' id='word_1_45' title='bbox 518 569 571 625; x_wconf 90' lang='lat' dir='ltr'>filio,</span> <span class='ocrx_word' id='word_1_46' title='bbox 589 581 687 618; x_wconf 81' lang='lat' dir='ltr'>accessu</span> <span class='ocrx_word' id='word_1_47' title='bbox 700 573 811 632; x_wconf 81' lang='lat' dir='ltr'>prehibe-</span> 
     </span>
     <span class='ocr_line' id='line_1_8' title="bbox 133 636 813 700; baseline -0.004 -15"><span class='ocrx_word' id='word_1_48' title='bbox 133 643 202 692; x_wconf 83' lang='lat' dir='ltr'>retur,</span> <span class='ocrx_word' id='word_1_49' title='bbox 216 636 334 700; x_wconf 71' lang='lat' dir='ltr'>Hispaniae</span> <span class='ocrx_word' id='word_1_50' title='bbox 350 637 452 684; x_wconf 87' lang='lat' dir='ltr'>litoribus</span> <span class='ocrx_word' id='word_1_51' title='bbox 468 636 592 699; x_wconf 83' lang='lat' dir='ltr'>appulsum,</span> <span class='ocrx_word' id='word_1_52' title='bbox 609 637 667 692; x_wconf 82' lang='lat' dir='ltr'>locu.</span> <span class='ocrx_word' id='word_1_53' title='bbox 689 638 732 698; x_wconf 76' lang='lat' dir='ltr'>ubi</span> <span class='ocrx_word' id='word_1_54' title='bbox 750 651 813 688; x_wconf 79' lang='lat' dir='ltr'>nunc</span> 
     </span>
     <span class='ocr_line' id='line_1_9' title="bbox 133 699 812 764; baseline -0.004 -15"><span class='ocrx_word' id='word_1_55' title='bbox 133 709 170 750; x_wconf 84' lang='lat' dir='ltr'>est</span> <span class='ocrx_word' id='word_1_56' title='bbox 193 700 308 764; x_wconf 79' lang='lat' dir='ltr'>carthago</span> <span class='ocrx_word' id='word_1_57' title='bbox 331 700 407 757; x_wconf 79' lang='lat' dir='ltr'>Nova,</span> <span class='ocrx_word' id='word_1_58' title='bbox 433 699 571 764; x_wconf 74' lang='lat' dir='ltr'>occupisse;</span> <span class='ocrx_word' id='word_1_59' title='bbox 593 701 648 752; x_wconf 83' lang='lat' dir='ltr'>inde</span> <span class='ocrx_word' id='word_1_60' title='bbox 671 701 812 760; x_wconf 74' lang='lat' dir='ltr'>Gdlaeciom</span> 
     </span>
     <span class='ocr_line' id='line_1_10' title="bbox 134 766 814 829; baseline 0.004 -16"><span class='ocrx_word' id='word_1_61' title='bbox 134 768 248 823; x_wconf 64' lang='lat' dir='ltr'>mansisse,</span> <span class='ocrx_word' id='word_1_62' title='bbox 264 776 287 813; x_wconf 89' lang='lat' dir='ltr'>et</span> <span class='ocrx_word' id='word_1_63' title='bbox 306 768 385 828; x_wconf 88' lang='lat' dir='ltr'>positis</span> <span class='ocrx_word' id='word_1_64' title='bbox 406 767 496 815; x_wconf 85' lang='lat' dir='ltr'>sedibus</span> <span class='ocrx_word' id='word_1_65' title='bbox 516 766 581 829; x_wconf 82' lang='lat' dir='ltr'>genti</span> <span class='ocrx_word' id='word_1_66' title='bbox 602 780 690 814; x_wconf 89' lang='lat' dir='ltr'>nomen</span> <span class='ocrx_word' id='word_1_67' title='bbox 713 766 814 816; x_wconf 72' lang='lat' dir='ltr'>dedisse·</span> 
     </span>
     <span class='ocr_line' id='line_1_11' title="bbox 133 829 812 895; baseline -0.006 -15"><span class='ocrx_word' id='word_1_68' title='bbox 133 830 254 880; x_wconf 80' lang='lat' dir='ltr'>Gallaeciae</span> <span class='ocrx_word' id='word_1_69' title='bbox 265 839 340 878; x_wconf 85' lang='lat' dir='ltr'>eutem</span> <span class='ocrx_word' id='word_1_70' title='bbox 348 832 421 895; x_wconf 81' lang='lat' dir='ltr'>portio</span> <span class='ocrx_word' id='word_1_71' title='bbox 430 831 576 894; x_wconf 82' lang='lat' dir='ltr'>Amphilochi</span> <span class='ocrx_word' id='word_1_72' title='bbox 587 831 703 878; x_wconf 88' lang='lat' dir='ltr'>dicuutur.</span> <span class='ocrx_word' id='word_1_73' title='bbox 732 829 812 891; x_wconf 75' lang='lat' dir='ltr'>Regio</span> 
     </span>
    </p>

    <p class='ocr_par' dir='ltr' id='par_1_4' title="bbox 101 896 817 1865">
     <span class='ocr_line' id='line_1_12' title="bbox 101 896 813 958; baseline -0.004 -15"><span class='ocrx_word' id='word_1_74' title='bbox 101 931 105 936; x_wconf 78' lang='grc'><em>.</em></span> <span class='ocrx_word' id='word_1_75' title='bbox 136 905 188 943; x_wconf 83' lang='lat' dir='ltr'>curn</span> <span class='ocrx_word' id='word_1_76' title='bbox 200 897 251 944; x_wconf 81' lang='lat' dir='ltr'>aeris</span> <span class='ocrx_word' id='word_1_77' title='bbox 268 912 293 942; x_wconf 82' lang='lat' dir='ltr'>ec</span> <span class='ocrx_word' id='word_1_78' title='bbox 309 896 394 958; x_wconf 90' lang='lat' dir='ltr'>plumbi</span> <span class='ocrx_word' id='word_1_79' title='bbox 409 898 526 954; x_wconf 80' lang='lat' dir='ltr'>uberrima,</span> <span class='ocrx_word' id='word_1_80' title='bbox 546 903 595 942; x_wconf 85' lang='lat' dir='ltr'>tum</span> <span class='ocrx_word' id='word_1_81' title='bbox 614 903 638 941; x_wconf 87' lang='lat' dir='ltr'>et</span> <span class='ocrx_word' id='word_1_82' title='bbox 656 896 733 950; x_wconf 88' lang='lat' dir='ltr'>minii,</span> <span class='ocrx_word' id='word_1_83' title='bbox 751 896 813 957; x_wconf 84' lang='lat' dir='ltr'>quod</span> 
     </span>
     <span class='ocr_line' id='line_1_13' title="bbox 137 960 812 1021; baseline -0.001 -14"><span class='ocrx_word' id='word_1_84' title='bbox 137 962 205 1007; x_wconf 87' lang='lat' dir='ltr'>etiam</span> <span class='ocrx_word' id='word_1_85' title='bbox 224 961 299 1007; x_wconf 85' lang='lat' dir='ltr'>vicino</span> <span class='ocrx_word' id='word_1_86' title='bbox 318 960 407 1007; x_wconf 87' lang='lat' dir='ltr'>flumini</span> <span class='ocrx_word' id='word_1_87' title='bbox 425 977 510 1010; x_wconf 86' lang='lat' dir='ltr'>nornen</span> <span class='ocrx_word' id='word_1_88' title='bbox 531 960 599 1007; x_wconf 79' lang='lat' dir='ltr'>dedit.</span> <span class='ocrx_word' id='word_1_89' title='bbox 633 961 702 1007; x_wconf 81' lang='lat' dir='ltr'>Auro</span> <span class='ocrx_word' id='word_1_90' title='bbox 718 974 812 1021; x_wconf 77' lang='lat' dir='ltr'>quoque</span> 
     </span>
     <span class='ocr_line' id='line_1_14' title="bbox 137 1024 812 1087; baseline -0.003 -15"><span class='ocrx_word' id='word_1_91' title='bbox 137 1025 251 1080; x_wconf 81' lang='lat' dir='ltr'>ditissima,</span> <span class='ocrx_word' id='word_1_92' title='bbox 272 1026 328 1072; x_wconf 84' lang='lat' dir='ltr'>edeo</span> <span class='ocrx_word' id='word_1_93' title='bbox 349 1034 373 1074; x_wconf 89' lang='lat' dir='ltr'>nt</span> <span class='ocrx_word' id='word_1_94' title='bbox 396 1026 465 1074; x_wconf 78' lang='lat' dir='ltr'>etiem</span> <span class='ocrx_word' id='word_1_95' title='bbox 484 1033 557 1076; x_wconf 75' lang='lat' dir='ltr'>aratro</span> <span class='ocrx_word' id='word_1_96' title='bbox 575 1024 711 1085; x_wconf 80' lang='lat' dir='ltr'>frequenter</span> <span class='ocrx_word' id='word_1_97' title='bbox 732 1025 812 1087; x_wconf 64' lang='lat' dir='ltr'>glebis</span> 
     </span>
     <span class='ocr_line' id='line_1_15' title="bbox 137 1088 813 1153; baseline 0.003 -18"><span class='ocrx_word' id='word_1_98' title='bbox 137 1095 216 1137; x_wconf 76' lang='lat' dir='ltr'>durees</span> <span class='ocrx_word' id='word_1_99' title='bbox 237 1090 376 1139; x_wconf 75' lang='lat' dir='ltr'>exscindam.</span> <span class='ocrx_word' id='word_1_100' title='bbox 410 1089 438 1138; x_wconf 91' lang='lat' dir='ltr'>lu</span> <span class='ocrx_word' id='word_1_101' title='bbox 462 1092 528 1153; x_wconf 83' lang='lat' dir='ltr'>hujus</span> <span class='ocrx_word' id='word_1_102' title='bbox 546 1090 621 1152; x_wconf 79' lang='lat' dir='ltr'>gentis</span> <span class='ocrx_word' id='word_1_103' title='bbox 639 1088 726 1136; x_wconf 85' lang='lat' dir='ltr'>finibus</span> <span class='ocrx_word' id='word_1_104' title='bbox 749 1104 813 1137; x_wconf 71' lang='lat' dir='ltr'>tuter</span> 
     </span>
     <span class='ocr_line' id='line_1_16' title="bbox 137 1154 813 1216; baseline 0.001 -16"><span class='ocrx_word' id='word_1_105' title='bbox 137 1168 204 1210; x_wconf 80' lang='lat' dir='ltr'>mons</span> <span class='ocrx_word' id='word_1_106' title='bbox 215 1163 256 1210; x_wconf 80' lang='lat' dir='ltr'>est,</span> <span class='ocrx_word' id='word_1_107' title='bbox 268 1171 336 1216; x_wconf 89' lang='lat' dir='ltr'>quem</span> <span class='ocrx_word' id='word_1_108' title='bbox 351 1155 411 1202; x_wconf 81' lang='lat' dir='ltr'>ferro</span> <span class='ocrx_word' id='word_1_109' title='bbox 428 1156 508 1206; x_wconf 72' lang='lat' dir='ltr'>violari</span> <span class='ocrx_word' id='word_1_110' title='bbox 527 1154 590 1201; x_wconf 81' lang='lat' dir='ltr'>nefas</span> <span class='ocrx_word' id='word_1_111' title='bbox 605 1154 719 1202; x_wconf 82' lang='lat' dir='ltr'>habetur:</span> <span class='ocrx_word' id='word_1_112' title='bbox 739 1154 813 1204; x_wconf 75' lang='lat' dir='ltr'>sedsi</span> 
     </span>
     <span class='ocr_line' id='line_1_17' title="bbox 138 1219 813 1283; baseline 0.001 -17"><span class='ocrx_word' id='word_1_113' title='bbox 138 1219 227 1282; x_wconf 80' lang='lat' dir='ltr'>quando</span> <span class='ocrx_word' id='word_1_114' title='bbox 239 1220 329 1283; x_wconf 78' lang='lat' dir='ltr'>fulgure</span> <span class='ocrx_word' id='word_1_115' title='bbox 342 1229 402 1267; x_wconf 83' lang='lat' dir='ltr'>terre</span> <span class='ocrx_word' id='word_1_116' title='bbox 412 1220 524 1282; x_wconf 85' lang='lat' dir='ltr'>proscissa</span> <span class='ocrx_word' id='word_1_117' title='bbox 534 1227 575 1273; x_wconf 82' lang='lat' dir='ltr'>cst,</span> <span class='ocrx_word' id='word_1_118' title='bbox 590 1234 643 1278; x_wconf 86' lang='lat' dir='ltr'>quae</span> <span class='ocrx_word' id='word_1_119' title='bbox 659 1220 686 1263; x_wconf 88' lang='lat' dir='ltr'>in</span> <span class='ocrx_word' id='word_1_120' title='bbox 703 1220 740 1266; x_wconf 83' lang='lat' dir='ltr'>his</span> <span class='ocrx_word' id='word_1_121' title='bbox 756 1220 813 1266; x_wconf 74' lang='lat' dir='ltr'>locu</span> 
     </span>
     <span class='ocr_line' id='line_1_18' title="bbox 139 1281 814 1340; baseline -0.001 -7"><span class='ocrx_word' id='word_1_122' title='bbox 139 1285 229 1333; x_wconf 75' lang='lat' dir='ltr'>assidua</span> <span class='ocrx_word' id='word_1_123' title='bbox 243 1301 278 1331; x_wconf 90' lang='lat' dir='ltr'>res</span> <span class='ocrx_word' id='word_1_124' title='bbox 292 1291 333 1340; x_wconf 85' lang='lat' dir='ltr'>est,</span> <span class='ocrx_word' id='word_1_125' title='bbox 350 1285 464 1332; x_wconf 86' lang='lat' dir='ltr'>detectum</span> <span class='ocrx_word' id='word_1_126' title='bbox 480 1300 566 1338; x_wconf 83' lang='lat' dir='ltr'>curum,</span> <span class='ocrx_word' id='word_1_127' title='bbox 584 1284 647 1329; x_wconf 89' lang='lat' dir='ltr'>velut</span> <span class='ocrx_word' id='word_1_128' title='bbox 657 1281 710 1332; x_wconf 85' lang='lat' dir='ltr'>Dei</span> <span class='ocrx_word' id='word_1_129' title='bbox 721 1299 814 1339; x_wconf 79' lang='lat' dir='ltr'>munus,</span> 
     </span>
     <span class='ocr_line' id='line_1_19' title="bbox 140 1348 816 1412; baseline -0.001 -17"><span class='ocrx_word' id='word_1_130' title='bbox 140 1350 249 1411; x_wconf 83' lang='lat' dir='ltr'>colligere</span> <span class='ocrx_word' id='word_1_131' title='bbox 259 1351 401 1412; x_wconf 86' lang='lat' dir='ltr'>permittitur.</span> <span class='ocrx_word' id='word_1_132' title='bbox 425 1349 528 1398; x_wconf 79' lang='lat' dir='ltr'>Femiuce</span> <span class='ocrx_word' id='word_1_133' title='bbox 539 1364 575 1396; x_wconf 88' lang='lat' dir='ltr'>res</span> <span class='ocrx_word' id='word_1_134' title='bbox 586 1348 733 1406; x_wconf 60' lang='lat' dir='ltr'>domesticus,</span> <span class='ocrx_word' id='word_1_135' title='bbox 742 1364 816 1411; x_wconf 52' lang='lat' dir='ltr'>agrof</span> 
     </span>
     <span class='ocr_line' id='line_1_20' title="bbox 141 1413 815 1476; baseline -0.001 -14"><span class='ocrx_word' id='word_1_136' title='bbox 141 1429 237 1476; x_wconf 88' lang='lat' dir='ltr'>rumque</span> <span class='ocrx_word' id='word_1_137' title='bbox 247 1414 353 1469; x_wconf 82' lang='lat' dir='ltr'>culturas,</span> <span class='ocrx_word' id='word_1_138' title='bbox 368 1415 538 1464; x_wconf 78' lang='lat' dir='ltr'>administrant:</span> <span class='ocrx_word' id='word_1_139' title='bbox 558 1414 602 1475; x_wconf 89' lang='lat' dir='ltr'>ipsi</span> <span class='ocrx_word' id='word_1_140' title='bbox 612 1413 681 1459; x_wconf 80' lang='lat' dir='ltr'>armis</span> <span class='ocrx_word' id='word_1_141' title='bbox 692 1421 719 1459; x_wconf 87' lang='lat' dir='ltr'>et</span> <span class='ocrx_word' id='word_1_142' title='bbox 729 1413 815 1476; x_wconf 74' lang='lat' dir='ltr'>mpiuii</span> 
     </span>
     <span class='ocr_line' id='line_1_21' title="bbox 141 1477 817 1542; baseline -0.001 -16"><span class='ocrx_word' id='word_1_143' title='bbox 141 1479 249 1526; x_wconf 80' lang='lat' dir='ltr'>serviunt.</span> <span class='ocrx_word' id='word_1_144' title='bbox 283 1478 400 1542; x_wconf 77' lang='lat' dir='ltr'>Praecipua</span> <span class='ocrx_word' id='word_1_145' title='bbox 417 1480 451 1527; x_wconf 91' lang='lat' dir='ltr'>his</span> <span class='ocrx_word' id='word_1_146' title='bbox 471 1479 561 1540; x_wconf 90' lang='lat' dir='ltr'>quidem</span> <span class='ocrx_word' id='word_1_147' title='bbox 578 1477 634 1524; x_wconf 85' lang='lat' dir='ltr'>ferri</span> <span class='ocrx_word' id='word_1_148' title='bbox 653 1479 759 1533; x_wconf 75' lang='lat' dir='ltr'>materia,</span> <span class='ocrx_word' id='word_1_149' title='bbox 775 1478 817 1530; x_wconf 83' lang='lat' dir='ltr'>sed</span> 
     </span>
     <span class='ocr_line' id='line_1_22' title="bbox 142 1541 816 1606; baseline 0.001 -16"><span class='ocrx_word' id='word_1_150' title='bbox 142 1543 200 1604; x_wconf 81' lang='lat' dir='ltr'>a&#39;quc</span> <span class='ocrx_word' id='word_1_151' title='bbox 210 1544 259 1606; x_wconf 85' lang='lat' dir='ltr'>ipso</span> <span class='ocrx_word' id='word_1_152' title='bbox 269 1541 329 1590; x_wconf 81' lang='lat' dir='ltr'>ferro</span> <span class='ocrx_word' id='word_1_153' title='bbox 337 1544 472 1591; x_wconf 86' lang='lat' dir='ltr'>violentior:</span> <span class='ocrx_word' id='word_1_154' title='bbox 487 1545 568 1605; x_wconf 88' lang='lat' dir='ltr'>quippe</span> <span class='ocrx_word' id='word_1_155' title='bbox 575 1550 760 1604; x_wconf 79' lang='lat' dir='ltr'>temperamento</span> <span class='ocrx_word' id='word_1_156' title='bbox 766 1545 816 1606; x_wconf 77' lang='lat' dir='ltr'>ejus</span> 
     </span>
     <span class='ocr_line' id='line_1_23' title="bbox 141 1607 815 1669; baseline 0.001 -15"><span class='ocrx_word' id='word_1_157' title='bbox 141 1607 227 1655; x_wconf 75' lang='lat' dir='ltr'>ferrum</span> <span class='ocrx_word' id='word_1_158' title='bbox 246 1610 319 1656; x_wconf 85' lang='lat' dir='ltr'>cerins</span> <span class='ocrx_word' id='word_1_159' title='bbox 338 1609 450 1667; x_wconf 85' lang='lat' dir='ltr'>redditur3</span> <span class='ocrx_word' id='word_1_160' title='bbox 471 1624 513 1656; x_wconf 88' lang='lat' dir='ltr'>nec</span> <span class='ocrx_word' id='word_1_161' title='bbox 527 1608 598 1655; x_wconf 90' lang='lat' dir='ltr'>ullum</span> <span class='ocrx_word' id='word_1_162' title='bbox 609 1607 669 1669; x_wconf 76' lang='lat' dir='ltr'>opud</span> <span class='ocrx_word' id='word_1_163' title='bbox 684 1622 728 1654; x_wconf 85' lang='lat' dir='ltr'>eos</span> <span class='ocrx_word' id='word_1_164' title='bbox 743 1610 815 1655; x_wconf 76' lang='lat' dir='ltr'>telum</span> 
     </span>
     <span class='ocr_line' id='line_1_24' title="bbox 143 1669 816 1735; baseline 0.003 -17"><span class='ocrx_word' id='word_1_165' title='bbox 143 1674 255 1735; x_wconf 77' lang='lat' dir='ltr'>probetur,</span> <span class='ocrx_word' id='word_1_166' title='bbox 278 1673 338 1735; x_wconf 90' lang='lat' dir='ltr'>quod</span> <span class='ocrx_word' id='word_1_167' title='bbox 357 1690 402 1721; x_wconf 89' lang='lat' dir='ltr'>non</span> <span class='ocrx_word' id='word_1_168' title='bbox 419 1681 459 1721; x_wconf 86' lang='lat' dir='ltr'>aut</span> <span class='ocrx_word' id='word_1_169' title='bbox 469 1673 545 1720; x_wconf 90' lang='lat' dir='ltr'>Bilbili</span> <span class='ocrx_word' id='word_1_170' title='bbox 561 1672 639 1726; x_wconf 84' lang='lat' dir='ltr'>fluvio,</span> <span class='ocrx_word' id='word_1_171' title='bbox 658 1677 698 1730; x_wconf 78' lang='lat' dir='ltr'>cut</span> <span class='ocrx_word' id='word_1_172' title='bbox 710 1669 816 1734; x_wconf 71' lang='lat' dir='ltr'>chalybe</span> 
     </span>
     <span class='ocr_line' id='line_1_25' title="bbox 144 1736 815 1799; baseline 0.001 -15"><span class='ocrx_word' id='word_1_173' title='bbox 144 1737 252 1799; x_wconf 83' lang='lat' dir='ltr'>tingetur.</span> <span class='ocrx_word' id='word_1_174' title='bbox 287 1737 355 1785; x_wconf 86' lang='lat' dir='ltr'>Unde</span> <span class='ocrx_word' id='word_1_175' title='bbox 366 1739 433 1785; x_wconf 82' lang='lat' dir='ltr'>etiem</span> <span class='ocrx_word' id='word_1_176' title='bbox 445 1736 559 1798; x_wconf 85' lang='lat' dir='ltr'>Chalybes</span> <span class='ocrx_word' id='word_1_177' title='bbox 569 1737 634 1784; x_wconf 87' lang='lat' dir='ltr'>fluvii</span> <span class='ocrx_word' id='word_1_178' title='bbox 643 1737 713 1798; x_wconf 87' lang='lat' dir='ltr'>hujus</span> <span class='ocrx_word' id='word_1_179' title='bbox 723 1736 815 1785; x_wconf 84' lang='lat' dir='ltr'>finitimi</span> 
     </span>
     <span class='ocr_line' id='line_1_26' title="bbox 145 1801 708 1865; baseline -0.005 -15"><span class='ocrx_word' id='word_1_180' title='bbox 145 1817 173 1865; x_wconf 81' lang='lat' dir='ltr'>cp</span> <span class='ocrx_word' id='word_1_181' title='bbox 201 1802 254 1856; x_wconf 73' lang='lat' dir='ltr'>llari,</span> <span class='ocrx_word' id='word_1_182' title='bbox 265 1801 369 1864; x_wconf 82' lang='lat' dir='ltr'>ferroque</span> <span class='ocrx_word' id='word_1_183' title='bbox 380 1803 468 1850; x_wconf 68' lang='lat' dir='ltr'>coeteris</span> <span class='ocrx_word' id='word_1_184' title='bbox 478 1809 585 1865; x_wconf 74' lang='lat' dir='ltr'>praesture</span> <span class='ocrx_word' id='word_1_185' title='bbox 595 1802 708 1850; x_wconf 88' lang='lat' dir='ltr'>dicuntur.</span> 
     </span>
    </p>

    <p class='ocr_par' dir='ltr' id='par_1_5' title="bbox 103 1864 889 2889">
     <span class='ocr_line' id='line_1_27' title="bbox 103 1864 816 1929; baseline 0.003 -15"><span class='ocrx_word' id='word_1_186' title='bbox 103 1909 107 1922; x_wconf 84' lang='lat'>,</span> <span class='ocrx_word' id='word_1_187' title='bbox 192 1865 223 1914; x_wconf 89' lang='lat' dir='ltr'>V.</span> <span class='ocrx_word' id='word_1_188' title='bbox 241 1867 316 1914; x_wconf 85' lang='lat' dir='ltr'>Saltus</span> <span class='ocrx_word' id='word_1_189' title='bbox 330 1882 385 1915; x_wconf 83' lang='lat' dir='ltr'>vero</span> <span class='ocrx_word' id='word_1_190' title='bbox 395 1866 559 1923; x_wconf 77' lang='lat' dir='ltr'>Tartesiorum,</span> <span class='ocrx_word' id='word_1_191' title='bbox 577 1867 698 1929; x_wconf 87' lang='lat' dir='ltr'>inquibus</span> <span class='ocrx_word' id='word_1_192' title='bbox 718 1864 816 1916; x_wconf 66' lang='lat' dir='ltr'>muna</span> 
     </span>
     <span class='ocr_line' id='line_1_28' title="bbox 145 1930 816 1994; baseline 0 -15"><span class='ocrx_word' id='word_1_193' title='bbox 145 1932 228 1979; x_wconf 83' lang='lat' dir='ltr'>bellum</span> <span class='ocrx_word' id='word_1_194' title='bbox 247 1932 353 1979; x_wconf 70' lang='lat' dir='ltr'>adversus</span> <span class='ocrx_word' id='word_1_195' title='bbox 365 1932 436 1980; x_wconf 46' lang='lat' dir='ltr'>¹Deos</span> <span class='ocrx_word' id='word_1_196' title='bbox 457 1933 555 1994; x_wconf 82' lang='lat' dir='ltr'>gessisse</span> <span class='ocrx_word' id='word_1_197' title='bbox 571 1932 680 1994; x_wconf 85' lang='lat' dir='ltr'>proditur,</span> <span class='ocrx_word' id='word_1_198' title='bbox 694 1930 816 1979; x_wconf 75' lang='lat' dir='ltr'>incoluere</span> 
     </span>
     <span class='ocr_line' id='line_1_29' title="bbox 147 1991 817 2072; baseline -0.003 -27"><span class='ocrx_word' id='word_1_199' title='bbox 147 1995 264 2054; x_wconf 81' lang='lat' dir='ltr'>Cunetes3</span> <span class='ocrx_word' id='word_1_200' title='bbox 282 2012 377 2058; x_wconf 90' lang='lat' dir='ltr'>quorum</span> <span class='ocrx_word' id='word_1_201' title='bbox 389 2012 429 2044; x_wconf 84' lang='lat' dir='ltr'>rex</span> <span class='ocrx_word' id='word_1_202' title='bbox 439 1991 604 2044; x_wconf 84' lang='lat' dir='ltr'>vetustissimus</span> <span class='ocrx_word' id='word_1_203' title='bbox 616 1996 730 2072; x_wconf 70' lang='lat' dir='ltr'>Gor-gosis</span> <span class='ocrx_word' id='word_1_204' title='bbox 741 1997 817 2043; x_wconf 79' lang='lat' dir='ltr'>mellis</span> 
     </span>
     <span class='ocr_line' id='line_1_30' title="bbox 147 2057 889 2125; baseline 0 -17"><span class='ocrx_word' id='word_1_205' title='bbox 147 2062 268 2125; x_wconf 87' lang='lat' dir='ltr'>colligendi</span> <span class='ocrx_word' id='word_1_206' title='bbox 291 2078 355 2108; x_wconf 87' lang='lat' dir='ltr'>usum</span> <span class='ocrx_word' id='word_1_207' title='bbox 378 2063 463 2123; x_wconf 88' lang='lat' dir='ltr'>primus</span> <span class='ocrx_word' id='word_1_208' title='bbox 485 2062 579 2110; x_wconf 84' lang='lat' dir='ltr'>invenit.</span> <span class='ocrx_word' id='word_1_209' title='bbox 621 2057 686 2107; x_wconf 89' lang='lat' dir='ltr'>Hurc</span> <span class='ocrx_word' id='word_1_210' title='bbox 707 2075 762 2108; x_wconf 86' lang='lat' dir='ltr'>cum</span> <span class='ocrx_word' id='word_1_211' title='bbox 784 2076 814 2108; x_wconf 86' lang='lat' dir='ltr'>ex</span> <span class='ocrx_word' id='word_1_212' title='bbox 887 2059 889 2124; x_wconf 75' lang='lat' dir='ltr'>l</span> 
     </span>
     <span class='ocr_line' id='line_1_31' title="bbox 147 2123 815 2189; baseline 0.001 -18"><span class='ocrx_word' id='word_1_213' title='bbox 147 2123 201 2173; x_wconf 79' lang='lat' dir='ltr'>filice</span> <span class='ocrx_word' id='word_1_214' title='bbox 212 2135 289 2188; x_wconf 87' lang='lat' dir='ltr'>stupro</span> <span class='ocrx_word' id='word_1_215' title='bbox 301 2142 370 2189; x_wconf 89' lang='lat' dir='ltr'>nepos</span> <span class='ocrx_word' id='word_1_216' title='bbox 380 2127 527 2188; x_wconf 82' lang='lat' dir='ltr'>provenisset,</span> <span class='ocrx_word' id='word_1_217' title='bbox 542 2126 628 2187; x_wconf 91' lang='lat' dir='ltr'>pudore</span> <span class='ocrx_word' id='word_1_218' title='bbox 642 2124 731 2186; x_wconf 73' lang='lat' dir='ltr'>flagitii,</span> <span class='ocrx_word' id='word_1_219' title='bbox 747 2128 815 2173; x_wconf 75' lang='lat' dir='ltr'>variis</span> 
     </span>
     <span class='ocr_line' id='line_1_32' title="bbox 147 2189 888 2254; baseline 0.003 -18"><span class='ocrx_word' id='word_1_220' title='bbox 147 2192 267 2252; x_wconf 76' lang='lat' dir='ltr'>generibus</span> <span class='ocrx_word' id='word_1_221' title='bbox 275 2192 388 2253; x_wconf 83' lang='lat' dir='ltr'>exstingui</span> <span class='ocrx_word' id='word_1_222' title='bbox 399 2191 517 2254; x_wconf 85' lang='lat' dir='ltr'>parvulum</span> <span class='ocrx_word' id='word_1_223' title='bbox 529 2191 613 2238; x_wconf 83' lang='lat' dir='ltr'>voluit:</span> <span class='ocrx_word' id='word_1_224' title='bbox 633 2189 675 2236; x_wconf 84' lang='lat' dir='ltr'>scd</span> <span class='ocrx_word' id='word_1_225' title='bbox 683 2204 727 2252; x_wconf 76' lang='lat' dir='ltr'>per.</span> <span class='ocrx_word' id='word_1_226' title='bbox 735 2206 816 2238; x_wconf 77' lang='lat' dir='ltr'>omnes</span> <span class='ocrx_word' id='word_1_227' title='bbox 887 2247 888 2252; x_wconf 15' lang='lat'>¹</span> 
     </span>
     <span class='ocr_line' id='line_1_33' title="bbox 147 2252 814 2316; baseline 0.004 -17"><span class='ocrx_word' id='word_1_228' title='bbox 147 2267 213 2300; x_wconf 86' lang='lat' dir='ltr'>ccsus</span> <span class='ocrx_word' id='word_1_229' title='bbox 229 2252 319 2301; x_wconf 75' lang='lat' dir='ltr'>fortuni</span> <span class='ocrx_word' id='word_1_230' title='bbox 338 2254 433 2315; x_wconf 73' lang='lat' dir='ltr'>quidam</span> <span class='ocrx_word' id='word_1_231' title='bbox 452 2264 563 2312; x_wconf 82' lang='lat' dir='ltr'>servatus,</span> <span class='ocrx_word' id='word_1_232' title='bbox 582 2255 610 2301; x_wconf 83' lang='lat' dir='ltr'>ud</span> <span class='ocrx_word' id='word_1_233' title='bbox 626 2260 768 2316; x_wconf 79' lang='lat' dir='ltr'>postremum</span> <span class='ocrx_word' id='word_1_234' title='bbox 782 2255 814 2313; x_wconf 39' lang='lat' dir='ltr'>,ed</span> 
     </span>
     <span class='ocr_line' id='line_1_34' title="bbox 148 2318 814 2380; baseline 0.008 -19"><span class='ocrx_word' id='word_1_235' title='bbox 148 2331 244 2378; x_wconf 80' lang='lat' dir='ltr'>regnum</span> <span class='ocrx_word' id='word_1_236' title='bbox 256 2327 290 2364; x_wconf 85' lang='lat' dir='ltr'>tot</span> <span class='ocrx_word' id='word_1_237' title='bbox 299 2320 449 2380; x_wconf 83' lang='lat' dir='ltr'>periculorum</span> <span class='ocrx_word' id='word_1_238' title='bbox 460 2320 603 2367; x_wconf 84' lang='lat' dir='ltr'>miseratione</span> <span class='ocrx_word' id='word_1_239' title='bbox 612 2319 724 2380; x_wconf 85' lang='lat' dir='ltr'>pervenit.</span> <span class='ocrx_word' id='word_1_240' title='bbox 763 2318 814 2366; x_wconf 87' lang='lat' dir='ltr'>Pri-</span> 
     </span>
     <span class='ocr_line' id='line_1_35' title="bbox 150 2383 816 2446; baseline 0.012 -22"><span class='ocrx_word' id='word_1_241' title='bbox 150 2393 213 2426; x_wconf 87' lang='lat' dir='ltr'>mum</span> <span class='ocrx_word' id='word_1_242' title='bbox 225 2383 324 2429; x_wconf 85' lang='lat' dir='ltr'>omniurn</span> <span class='ocrx_word' id='word_1_243' title='bbox 336 2399 387 2430; x_wconf 90' lang='lat' dir='ltr'>cum</span> <span class='ocrx_word' id='word_1_244' title='bbox 398 2400 450 2431; x_wconf 89' lang='lat' dir='ltr'>eum</span> <span class='ocrx_word' id='word_1_245' title='bbox 461 2386 543 2446; x_wconf 82' lang='lat' dir='ltr'>exponi</span> <span class='ocrx_word' id='word_1_246' title='bbox 551 2385 663 2446; x_wconf 83' lang='lat' dir='ltr'>jussisset,</span> <span class='ocrx_word' id='word_1_247' title='bbox 674 2391 760 2445; x_wconf 86' lang='lat' dir='ltr'>etpost</span> <span class='ocrx_word' id='word_1_248' title='bbox 769 2385 816 2432; x_wconf 80' lang='lat' dir='ltr'>diet</span> 
     </span>
     <span class='ocr_line' id='line_1_36' title="bbox 149 2443 816 2509; baseline 0.009 -18"><span class='ocrx_word' id='word_1_249' title='bbox 149 2443 179 2491; x_wconf 76' lang='lat' dir='ltr'>ed</span> <span class='ocrx_word' id='word_1_250' title='bbox 198 2459 278 2506; x_wconf 78' lang='lat' dir='ltr'>corpus</span> <span class='ocrx_word' id='word_1_251' title='bbox 299 2449 393 2509; x_wconf 84' lang='lat' dir='ltr'>expositi</span> <span class='ocrx_word' id='word_1_252' title='bbox 415 2450 573 2509; x_wconf 88' lang='lat' dir='ltr'>requirendum</span> <span class='ocrx_word' id='word_1_253' title='bbox 589 2449 693 2503; x_wconf 85' lang='lat' dir='ltr'>misisset,</span> <span class='ocrx_word' id='word_1_254' title='bbox 709 2449 816 2497; x_wconf 83' lang='lat' dir='ltr'>inventus</span> 
     </span>
     <span class='ocr_line' id='line_1_37' title="bbox 149 2509 815 2562; baseline 0.012 -9"><span class='ocrx_word' id='word_1_255' title='bbox 149 2514 185 2554; x_wconf 89' lang='lat' dir='ltr'>est</span> <span class='ocrx_word' id='word_1_256' title='bbox 201 2510 262 2555; x_wconf 84' lang='lat' dir='ltr'>vario</span> <span class='ocrx_word' id='word_1_257' title='bbox 280 2509 377 2558; x_wconf 81' lang='lat' dir='ltr'>ferarum</span> <span class='ocrx_word' id='word_1_258' title='bbox 392 2512 451 2559; x_wconf 78' lang='lat' dir='ltr'>lacte</span> <span class='ocrx_word' id='word_1_259' title='bbox 469 2515 574 2560; x_wconf 83' lang='lat' dir='ltr'>nutritus.</span> <span class='ocrx_word' id='word_1_260' title='bbox 608 2512 701 2559; x_wconf 86' lang='lat' dir='ltr'>Deinde</span> <span class='ocrx_word' id='word_1_261' title='bbox 719 2514 815 2562; x_wconf 61' lang='lat' dir='ltr'>relatum</span> 
     </span>
     <span class='ocr_line' id='line_1_38' title="bbox 149 2570 815 2638; baseline 0.012 -22"><span class='ocrx_word' id='word_1_262' title='bbox 149 2570 248 2627; x_wconf 90' lang='lat' dir='ltr'>domum,</span> <span class='ocrx_word' id='word_1_263' title='bbox 266 2576 355 2620; x_wconf 81' lang='lat' dir='ltr'>tremite</span> <span class='ocrx_word' id='word_1_264' title='bbox 373 2585 477 2637; x_wconf 83' lang='lat' dir='ltr'>angusto,</span> <span class='ocrx_word' id='word_1_265' title='bbox 496 2594 536 2638; x_wconf 89' lang='lat' dir='ltr'>per</span> <span class='ocrx_word' id='word_1_266' title='bbox 555 2593 623 2637; x_wconf 86' lang='lat' dir='ltr'>quem</span> <span class='ocrx_word' id='word_1_267' title='bbox 638 2583 742 2628; x_wconf 72' lang='lat' dir='ltr'>armenta</span> <span class='ocrx_word' id='word_1_268' title='bbox 754 2593 815 2626; x_wconf 79' lang='lat' dir='ltr'>eom·</span> 
     </span>
     <span class='ocr_line' id='line_1_39' title="bbox 149 2639 889 2760; baseline 0.007 -79"><span class='ocrx_word' id='word_1_269' title='bbox 149 2643 225 2682; x_wconf 80' lang='lat' dir='ltr'>mesre</span> <span class='ocrx_word' id='word_1_270' title='bbox 235 2647 404 2695; x_wconf 81' lang='lat' dir='ltr'>consueverunt,</span> <span class='ocrx_word' id='word_1_271' title='bbox 421 2641 499 2702; x_wconf 84' lang='lat' dir='ltr'>projici</span> <span class='ocrx_word' id='word_1_272' title='bbox 512 2643 590 2705; x_wconf 89' lang='lat' dir='ltr'>jubet;</span> <span class='ocrx_word' id='word_1_273' title='bbox 607 2641 815 2703; x_wconf 34' lang='lat' dir='ltr'>crudelislprorsus,</span> <span class='ocrx_word' id='word_1_274' title='bbox 884 2639 889 2760; x_wconf 46' lang='lat' dir='ltr'>a</span> 
     </span>
     <span class='ocr_line' id='line_1_40' title="bbox 150 2699 889 2889; baseline 0.02 -146"><span class='ocrx_word' id='word_1_275' title='bbox 150 2699 188 2759; x_wconf 81' lang='lat' dir='ltr'>qni</span> <span class='ocrx_word' id='word_1_276' title='bbox 199 2702 322 2762; x_wconf 83' lang='lat' dir='ltr'>proculcari</span> <span class='ocrx_word' id='word_1_277' title='bbox 333 2710 446 2771; x_wconf 80' lang='lat' dir='ltr'>nepotem,</span> <span class='ocrx_word' id='word_1_278' title='bbox 458 2720 525 2770; x_wconf 81' lang='lat' dir='ltr'>quam</span> <span class='ocrx_word' id='word_1_279' title='bbox 537 2705 635 2769; x_wconf 86' lang='lat' dir='ltr'>simplici</span> <span class='ocrx_word' id='word_1_280' title='bbox 642 2713 717 2758; x_wconf 75' lang='lat' dir='ltr'>mutto</span> <span class='ocrx_word' id='word_1_281' title='bbox 723 2706 818 2764; x_wconf 66' lang='lat' dir='ltr'>interfici</span> <span class='ocrx_word' id='word_1_282' title='bbox 880 2765 889 2889; x_wconf 57' lang='grc'><em>1</em></span> 
     </span>
    </p>
   </div>
   <div class='ocr_carea' id='block_1_3' title="bbox 0 0 916 2942">
    <p class='ocr_par' dir='ltr' id='par_1_6' title="bbox 0 0 916 2942">
     <span class='ocr_line' id='line_1_41' title="bbox 0 0 916 2942; baseline 0 0"><span class='ocrx_word' id='word_1_283' title='bbox 0 0 916 2942; x_wconf 95' lang='lat' dir='ltr'> </span> 
     </span>
    </p>
   </div>
  </div>
 </body>
</html>
