1800 2942
217 128 356 182 tunultu
371 130 425 180 Lm„
437 131 496 181 XX.
514 124 575 182 cni.
584 134 608 180 2.
701 128 751 181 tot

69 234 415 325 'meusnnrsmmpsnaer
438 261 603 317 uersentur,
616 259 751 321 Sabinique?

79 324 149 380 Quid
166 325 298 373 Samnites?
331 326 394 381 Quid
416 326 543 384 Tarentini,
565 340 622 387 quos
641 323 750 371 Incedae·

78 405 156 501 Ἠοῖ
179 391 299 452 profectos,
328 392 464 469 Spuriosque
490 398 584 467 vocatos
604 387 750 483 accepimusi.
773 402 775 407 ⁴

120 469 238 502 unnorum
258 458 335 503 urbem
354 457 480 504 condrdrsse
502 455 643 502 Philocteten
660 453 750 510 ierunt,

78 520 159 579 ibique
174 520 246 568 adhuc
261 523 425 568 monimentum
436 523 485 583 ejus
496 522 591 577 visitur;
609 526 632 565 et
644 517 752 564 Herculis
843 553 845 559 .

77 586 175 696 ἔξω
196 586 220 631 in
242 586 354 648 Apollinis
375 586 466 648 templo,
500 601 551 647 quae
579 584 651 632 satum
673 581 751 645 Trone

114 711 152 759 11.
166 711 318 777 Metapontini
335 730 425 776 quoque
440 717 465 762 in
484 716 568 776 templo
580 713 694 761 Minersae
703 711 751 758 ier·

78 785 191 833 ramenta,
208 781 288 840 quibus
299 779 382 840 Epeos,
402 795 475 841 aquo
488 780 572 826 conditi
590 787 650 833 sunt,
666 792 750 838 equum

79 840 207 905 Trojanum
218 842 340 900 fabricavit,
355 852 484 891 ostentant:
503 852 595 906 propter
605 843 666 905 quod
676 842 750 889 omnis

79 907 121 954 illa
137 922 191 969 pars
205 905 278 954 Itsliae
297 907 377 972 Major
390 910 484 957 Groeeiu
504 909 613 971 appellata
629 915 672 955 est·
703 907 749 954 Sed

79 971 191 1035 principio
202 972 338 1038 [originum]
348 973 506 1035 Metapontini,
519 989 569 1021 oum
579 972 718 1034 Sybaritanis
726 978 750 1018 et
845 989 847 993 ·

80 1035 276 1091 Crotoniensibus,
288 1038 372 1099 pellere
382 1047 477 1085 caeteros
486 1039 581 1085 Graecos
591 1037 657 1085 ltalii
665 1044 750 1083 statue-

79 1108 143 1148 runt
176 1099 236 1148 Cum
248 1103 343 1162 primum
358 1103 434 1149 urbem
454 1103 520 1149 Sirim
538 1103 655 1164 cepissent,
672 1103 696 1148 in
707 1116 748 1147 ex-

78 1167 221 1230 pugnatione
236 1169 284 1229 ejus
300 1168 461 1228 quinquaginta
466 1169 563 1228 juvenes
573 1168 688 1227 amplexos
699 1165 749 1211 Mi·

79 1245 159 1279 nervae
165 1232 315 1287 simulacrum,
323 1229 673 1292 sacerdotemqueDeaevelatum
681 1241 749 1277 ornei

79 1295 172 1349 mentis,
194 1296 253 1342 inter
274 1297 322 1358 ipss
338 1297 416 1343 ultoria
433 1297 607 1343 trucidaverunt.
640 1294 677 1340 Ob
698 1295 748 1340 lraee

14 1392 19 1399 «
79 1375 133 1407 eum
144 1366 208 1421 peste
219 1367 242 1407 et
252 1362 396 1408 seditionibus
407 1371 550 1418 vexarentur,
567 1362 652 1423 priores
664 1358 748 1408 Croto·
843 1408 849 1415 ,

78 1425 171 1472 nienses
183 1423 319 1487 Delphicum
334 1426 449 1473 oraculum
461 1427 570 1473 adierunt.
602 1425 747 1486 Responsum

78 1490 116 1537 his
126 1495 168 1542 est,
176 1488 244 1535 finem
255 1491 371 1546 molliore,
384 1493 403 1537 si
414 1490 523 1537 violatum
532 1491 646 1537 Minervae
655 1501 747 1543 numen,

78 1561 104 1601 et
114 1553 283 1601 interfectorum
296 1570 372 1603 manes
381 1554 514 1617 plausissent.
547 1554 626 1616 ltaque
636 1569 688 1600 erun
700 1560 747 1600 stn-

78 1628 131 1666 tuas
145 1620 268 1682 Juvenibus
279 1621 350 1682 justae
366 1621 527 1681 magnitudinis
540 1629 563 1667 et
578 1620 687 1681 imprimis
698 1617 749 1664 Mi·

80 1699 159 1731 nervae
169 1683 276 1732 fabricare
286 1686 413 1748 coepissent,
425 1685 584 1747 Metapontini,
594 1685 686 1746 cognito
697 1696 748 1730 ore-

78 1749 131 1796 eulo
137 1747 248 1804 Deorum,
253 1752 403 1812 occupandam
412 1752 511 1797 manium
519 1759 541 1797 et
546 1749 606 1796 Deae
613 1764 690 1812 paoem
698 1748 747 1804 reti,

74 1814 199 1876 juvenibus
210 1815 298 1862 modica
303 1824 327 1861 et
333 1816 419 1877 lapidea
429 1816 548 1863 simulacre
557 1823 651 1877 pontum,
664 1812 749 1861 e'tDe-

78 1878 340 1996 millii
349 1881 747 2007 ministretur-ltine

78 2006 213 2055 certissent.
246 2007 388 2072 Recupernti
403 2011 504 2064 sanitate,
522 2024 568 2056 non
584 2010 621 2054 diu
639 2006 746 2055 Crotoni-

78 2087 147 2119 enses
158 2070 270 2132 quievere.
295 2073 375 2134 Itaque
385 2075 534 2136 indignantes,
547 2077 569 2119 in
580 2071 747 2134 oppugnatione

78 2137 143 2190 Siris,
154 2137 262 2183 auxilium
271 2147 349 2184 eontra
356 2153 381 2185 se
391 2153 404 2184 s
415 2137 567 2184 locrensibus
574 2138 652 2190 laturn,
662 2135 745 2181 bellurn

77 2201 114 2248 his
125 2201 256 2248 intulerunt
273 2202 326 2256 Quo
337 2214 399 2249 metu
411 2204 482 2248 territi
493 2202 627 2254 Locrenses,
638 2200 667 2246 nd
678 2198 748 2261 Spor-

77 2274 144 2313 tanos
166 2266 303 2313 decurrunt:
332 2268 440 2313 auxilium
460 2268 571 2330 supplices
593 2266 745 2326 deprecentur.

15 2349 17 2351 >
75 2328 124 2384 Illi,
134 2331 281 2393 longinquam
289 2332 390 2378 militium
400 2334 498 2393 gravati,
505 2330 612 2378 nuxiliurn
624 2345 638 2376 a
649 2327 747 2378 castore

74 2403 100 2443 et
111 2394 207 2443 Polluce
220 2405 297 2458 petere
308 2412 347 2442 eos
358 2398 449 2458 jubent.
480 2395 563 2457 Neque
572 2395 640 2458 legati
651 2408 747 2457 respon·

75 2475 129 2508 sum
146 2461 214 2507 sociae
231 2461 291 2507 urbis
307 2469 454 2523 spreverunt:
472 2461 611 2523 profectique
624 2460 649 2507 in
667 2459 746 2521 proxi·¹
812 2467 814 2470 ’

75 2539 141 2571 mum
149 2525 266 2586 templum,
276 2524 337 2572 iacto
346 2525 574 2581 ssorifioio‚aunilium
585 2524 689 2572 Deorum
700 2523 744 2568 irn-

74 2590 173 2651 plorant.
206 2588 290 2636 Litntis
312 2591 397 2646 hostiis,
420 2591 556 2652 olnentoque
574 2593 611 2652 (ut
625 2583 741 2645 rebantur)

74 2653 138 2717 quod
147 2653 262 2717 petebant,
278 2655 338 2702 haud
348 2669 413 2703 secus
423 2655 477 2710 leti,
495 2669 562 2718 quam
573 2655 593 2701 si
604 2652 670 2701 Deos
681 2651 748 2713 ipsos
