1800 2942
139 152 201 204 Μ’
283 145 421 202 ,ΙϋὸΤΙΝῘ
437 144 495 198 Lm:
502 145 563 194 v11.
578 144 673 202 Cur-,43

139 273 298 339 sepuittugt
308 278 431 332 submotus,
450 290 490 323 ne
498 276 579 337 ubique
593 274 701 322 deformis
718 274 804 323 militie

138 340 226 389 domnis
236 342 359 395 hebescunt,
377 340 447 387 mittit
457 356 509 388 cum
520 348 583 402 parte
594 341 708 402 copiarum
719 340 803 417 Mege-

136 407 224 466 byzum
245 407 275 454 ud
296 406 440 468 subigendum
462 404 606 458 Threciam,
612 412 739 466 coeteraque
757 406 809 468 ejus

138 471 224 519 tructus
234 485 319 533 regnor
338 472 426 531 quibus,
445 486 487 532 pro
505 470 598 531 ignobili
615 478 740 525 momento,
759 477 806 516 erat

138 549 255 583 accessura
265 535 408 582 Macedonio.
442 535 496 589 Qui,
513 535 575 581 brevi
586 542 688 595 tempore
698 542 811 581 exsecuto.

138 601 201 662 regis
210 601 310 662 imperio,
328 600 411 662 legetis
421 600 449 646 ud
461 599 586 659 Amyntam
604 614 681 660 regem
693 599 803 646 Macedo·

138 665 184 713 nim
200 665 281 719 missis,
298 665 386 714 obsides
402 666 426 710 in
442 666 526 727 pignus
540 663 623 710 future
633 666 696 725 pscis
706 664 754 710 duri
765 664 805 711 sibi

138 730 272 791 postulabat.
302 729 347 777 Sed
358 729 435 792 legati,
444 730 542 791 benigne
552 730 648 789 excepti,
659 729 719 775 inter
730 728 806 791 epulus

138 794 244 841 ebrietate
255 801 375 848 crescente,
395 801 478 855 rogent
494 796 626 853 Amyntam,
650 804 676 839 ut
691 794 805 855 apparatui

138 859 254 919 epularum
265 860 353 920 adjiciat
359 860 398 920 jus
408 858 571 911 familiaritatis,
582 858 685 904 adhibitis
693 859 718 903 in
729 859 809 905 convi-

138 925 201 969 vium
218 924 264 970 suis
285 937 312 969 sc
328 921 368 968 filii
382 924 502 970 uxoribus:
521 923 544 969 id
560 922 619 985 opud
635 921 719 969 Persas
730 923 811 970 haberi.

139 987 808 1113 utu‘immundissimus
862 1002 865 1007 ’

140 1115 271 1164 Alexander
282 1123 346 1179 roget
357 1123 450 1179 putrem,
464 1125 567 1179 respectu
574 1117 648 1164 aetsds
655 1132 681 1164 sc
689 1118 813 1179 gravitatis,

142 1194 191 1227 suae
201 1181 271 1228 abiret
281 1182 392 1238 convivio,
410 1182 523 1245 pollicitus
534 1197 559 1228 se
569 1182 682 1245 hospitum
695 1191 807 1245 tempera·

141 1252 217 1294 turum
224 1247 297 1308 jocos.
331 1246 384 1302 Quo
395 1248 505 1309 digresso,
516 1247 621 1293 mulieres
628 1262 718 1308 quoque
728 1248 810 1309 paulu.

139 1310 187 1357 lum
195 1325 209 1357 e
217 1312 322 1359 convivio
332 1319 419 1367 evocet,
427 1312 512 1358 cultius
521 1319 676 1366 exomoturus,
684 1313 807 1373 gratiores-

142 1390 186 1436 que
204 1376 344 1424 reducturus.
372 1375 400 1424 In
412 1391 506 1437 quarum
516 1377 592 1424 locum
603 1377 722 1424 matronali
732 1377 809 1423 habitu

141 1449 263 1489 exornatos
268 1444 365 1504 Jureues
376 1442 497 1503 supponit;
514 1456 598 1502 eosque
611 1442 759 1501 petulantiam
776 1442 809 1488 le-

140 1512 244 1567 gotomm
255 1505 322 1561 ferro,
339 1508 400 1567 quod
410 1506 452 1553 sub
463 1513 527 1553 veste
536 1507 651 1568 gerebant,
664 1521 811 1567 compescere

136 1571 209 1632 Jubet.
239 1571 318 1632 Atque
336 1573 368 1619 its
388 1570 513 1618 interiectis
534 1571 644 1622 omnibus,
662 1571 758 1632 ignarus
777 1571 811 1617 rei

140 1634 293 1698 Megabyzus,
312 1652 363 1683 cum
374 1637 443 1698 legati
461 1651 506 1683 non
522 1636 627 1688 redirent,
639 1635 710 1681 mittit
720 1650 811 1682 cocum

139 1699 251 1745 exercitus
262 1708 325 1761 purte
333 1701 445 1777 Buboren,
457 1703 516 1748 utin
523 1701 606 1749 bellum
617 1699 683 1746 facile
690 1707 714 1746 et
722 1701 810 1747 medio-

142 1778 194 1820 ore3
211 1764 369 1826 dedignetus'
363 1780 412 1827 rpse
424 1767 463 1820 ire,
487 1781 516 1812 ne
531 1766 716 1811 dehonestaretur
726 1765 811 1827 proelio

139 1835 186 1875 torn
202 1826 270 1874 soedae
281 1830 363 1890 gentis.
396 1830 442 1877 Sed
453 1831 561 1884 Bubares,
574 1837 633 1878 unte
636 1829 719 1876 bellum
731 1844 811 1877 umore

139 1892 193 1951 filie
203 1845 319 1953 Amyngtse
335 1901 420 1955 coptus,
443 1896 527 1942 omisso
543 1894 610 1948 bello,
631 1894 722 1971 nuptiis
736 1894 810 1951 facit3

140 1947 291 2020 depositisque
302 1958 418 2005 hostilibus
429 1961 517 2013 animis,
527 1960 552 2005 in
564 1958 699 2026 affinitatis
689 1974 744 2021 ιιιιιι
755 1974 815 2006 suc-v

143 2023 210 2072 cedit.

173 2087 219 2135 IV
235 2087 297 2138 Post
302 2087 589 2138 dtmcssumoMscedonsa
600 2088 703 2146 Bubaris,
716 2089 815 2149 Amyn--

140 2159 176 2200 tus
189 2166 230 2199 ren
248 2152 346 2199 decedit.
366 2155 430 2215 cujus
440 2153 487 2200 tilio
503 2162 527 2200 et
537 2169 661 2201 successorr
654 2153 809 2200 'Alexandro

142 2217 248 2279 coguatio
260 2216 356 2264 Bubaris
373 2233 419 2264 non
435 2218 503 2265 Darii
519 2226 607 2265 tontum
618 2218 758 2279 temporibus
769 2233 811 2279 po-

140 2295 190 2328 cem
201 2282 318 2343 prestitit;
327 2298 406 2332 verum
416 2284 484 2330 etium
496 2282 592 2330 Xerxen
602 2282 658 2329 odeo
668 2283 808 2335 conciliavit,

142 2353 192 2399 ut.
193 2361 245 2392 cum
268 2346 382 2393 Graeciam
397 2347 468 2393 veluti
484 2354 605 2409 tempestus
620 2346 724 2406 quaedum
741 2360 812 2393 occu·

141 2408 230 2485 pisset,
240 2410 300 2456 mter
310 2410 448 2473 Olympum
454 2410 610 2473 Hoemumque
630 2418 720 2458 montes
739 2411 812 2457 totius

142 2474 242 2549 regionis
258 2488 310 2519 eum
331 2476 425 2536 imperio
446 2477 570 2523 donaverit.
603 2475 649 2522 Sed
665 2490 707 2524 nec
725 2477 814 2521 virtute

142 2538 224 2591 minus,
243 2552 310 2597 qutun
321 2538 441 2585 Persarum
451 2541 589 2594 liberalitate.
608 2539 816 2600 regnumsmpliu·

142 2603 183 2648 sit.
216 2601 262 2647 Per
273 2601 373 2648 ordinem
382 2604 463 2652 deiude
473 2605 629 2660 successionis,
643 2618 742 2664 regnum
754 2602 814 2649 Ms-

145 2666 245 2721 cedoniae
263 2666 292 2712 od
308 2665 440 2726 Amyntam,
458 2667 534 2716 fratris
552 2669 600 2731 ejus
617 2667 720 2724 Menelsi
731 2666 814 2722 fidium»
