1800 2942
227 197 362 250 JUSTINI
379 200 433 249 ω
442 196 487 248 1v.
504 198 564 250 cir.
574 204 605 249 ss
699 204 746 250 rer

82 334 166 393 iugens
180 323 333 378 ›decerniturr'
345 336 448 378 creantur
466 331 535 378 duces
552 327 631 377 Nicias
647 336 671 377 et
688 329 750 377 Alsi-

82 398 161 444 bisdes
172 403 195 443 et
207 394 348 453 Lamachum
365 396 478 456 tantisque
487 396 572 443 vitibus
583 395 658 441 Sicilie
668 394 751 456 repeti.

83 470 128 516 tur,
148 472 174 507 ut
184 460 242 522 ipsis
249 462 328 507 terrori
338 469 420 515 essent,
436 462 461 507 in
476 476 571 522 quorum
582 460 665 507 auxilio
674 460 751 506 mitte·

82 528 173 573 bantur.
205 524 275 571 Brevi
291 533 343 587 post
361 532 468 587 tempore,
490 533 594 572 reuocato
615 525 643 571 ad
664 531 752 570 rectum

84 589 210 644 Alcibiade,
229 589 273 635 duo
294 590 373 651 proelic
393 591 505 651 pedestria
520 590 618 637 secunda
633 588 713 635 Nicias
728 595 752 635 et

84 654 215 702 Lamachus
224 654 325 701 iaciunt:
344 656 505 701 munitionibus
515 655 595 700 deinde
602 653 752 708 circumdatis,

84 710 163 765 ho‘stes
174 719 241 765 etism
248 719 340 766 murinis
349 721 509 766 commeatibus
518 720 542 765 in
553 720 607 765 urbe
618 719 706 765 clausos
716 719 752 764 in·

84 783 222 830 tercludunt.
240 783 328 836 Quibus
339 785 405 830 rebus
414 784 479 830 fructi
491 783 632 845 Syracusani,
644 783 752 832 auxilium

85 864 100 895 a
112 847 291 894 Lsoeuaemoniir
301 851 434 909 petiverunt.
466 849 505 896 Ab
515 849 550 895 his
560 848 657 894 mittitur
668 847 752 909 Gylip-

85 925 131 975 pus
142 913 210 967 solus,
223 912 295 959 sedin
306 928 351 974 quo
361 915 431 960 instar
442 915 543 960 omnium
553 913 687 960 auxiliorum
698 919 754 959 erat.
825 962 830 974 ¹

86 976 120 1032 Is,
131 978 207 1023 audito
218 977 242 1022 in
256 977 335 1024 itinere
345 979 396 1024 belli
409 980 457 1040 Jam
468 979 575 1025 inclinato
588 984 654 1032 stutu,
665 976 754 1024 auxiliis

86 1043 204 1105 partimin
217 1040 313 1096 Graecih,
323 1044 405 1103 partim
416 1043 439 1089 in
451 1042 660 1096 Sicilidcontrsctis,
672 1057 755 1103 oppor-

85 1115 144 1153 tuna
153 1106 212 1153 bello
221 1106 272 1153 loca
282 1114 384 1168 occupat.
415 1106 513 1153 Duobus
523 1108 603 1154 deinde
609 1107 695 1168 proeliis
705 1106 754 1153 ric·

87 1179 133 1226 tus,
144 1185 279 1233 congressus
290 1172 362 1226 tertio,
382 1172 457 1218 occiso
472 1171 593 1224 Lamacho,
609 1177 633 1216 et
645 1172 720 1218 hostes
730 1172 756 1217 in

87 1235 169 1297 fugam
186 1236 298 1298 compulit,
315 1244 338 1282 et
349 1236 422 1282 socios
438 1235 553 1282 obsidione
568 1235 678 1281 liberavit.
711 1234 757 1283 Seu

88 1315 142 1347 cum
155 1298 304 1347 Athenienses
315 1300 396 1347 obelio
406 1301 506 1347 terrestri
522 1300 546 1345 io
557 1298 637 1345 novule
648 1313 672 1345 se
682 1305 756 1346 hans

88 1364 202 1420 tulissent,
211 1365 323 1428 Gylippus
331 1366 425 1412 classem
436 1364 601 1412 Lacedaemone
609 1378 660 1409 cum
669 1364 758 1410 auxiliis

89 1429 191 1476 arcessit
224 1427 278 1484 Quo
289 1430 388 1492 cognito,
399 1437 423 1477 et
433 1431 475 1492 ipsi
487 1429 637 1476 Athenienses
646 1429 671 1473 in
681 1428 758 1476 locum

90 1494 169 1541 amissi
188 1493 250 1540 (lucis
272 1493 444 1542 Demosthenen
467 1502 490 1541 et
512 1494 685 1555 Eurymedonta
705 1506 758 1540 cum

90 1558 247 1621 supplemento
264 1560 377 1621 copiarum
394 1560 493 1606 mittunt.
526 1557 685 1620 Peloponnesii
700 1572 758 1618 quo-

89 1639 142 1685 que,
149 1624 263 1670 communi
271 1624 393 1671 civitatium
400 1624 497 1679 decreto,
504 1623 606 1685 ingentia
613 1623 761 1683 Syracusanis

91 1686 177 1735 auxilie
185 1686 282 1746 misire5
296 1696 326 1742 et,
337 1689 399 1750 qussi
417 1689 516 1736 Graeciae
530 1688 613 1735 bellurn
624 1688 648 1734 in
660 1687 759 1735 Siciliam

90 1752 225 1799 translatum
236 1760 301 1808 essct,
313 1753 345 1800 ito
354 1767 384 1800 ex
393 1751 487 1802 utrioue
496 1760 560 1816 purte
570 1755 664 1800 summis
675 1754 760 1801 viribus

93 1817 247 1865 dimicabatur.
799 1862 802 1867 ,

124 1879 158 1928 V.
175 1879 258 1929 Pumt
268 1882 338 1944 igitur
353 1883 513 1945 congressione
530 1883 615 1931 novolio
632 1882 760 1930 certaminis

91 1946 246 1994 Athenienses
261 1947 389 1995 vincuntur.
421 1945 504 1996 Castro
521 1964 609 2010 quoque
625 1962 678 1994 cum
697 1946 759 1993 omni

91 2008 182 2074 publici
200 2026 226 2058 ac
245 2010 331 2073 privati
351 2011 446 2074 pecunid
464 2014 577 2060 omittunt.
616 2012 689 2073 Super
710 2012 760 2057 baec

92 2075 160 2129 muln,
180 2090 232 2138 cum
249 2077 316 2123 mam
335 2081 434 2124 terrestri
453 2078 533 2141 proelio
543 2077 597 2123 victi
607 2084 689 2130 essent,
706 2081 761 2122 tune

92 2139 263 2187 Demosthenes
274 2156 366 2188 censere
375 2143 450 2203 coepit,
467 2142 608 2188 “utubirent
616 2138 761 2197 sicilicum

93 2220 139 2258 res,
150 2205 254 2265 quamvis
265 2204 361 2259 uffiictae,
377 2207 477 2254 nondum
487 2212 562 2253 nmen
570 2205 664 2266 perditae
671 2203 759 2251 sorentr

92 2284 169 2380 idid?
177 2269 762 2396 ddscbdloldringdliddstplctaddrsilddliddeli'ceidldvffi

92 2398 117 2444 in
128 2412 182 2458 quae
192 2412 282 2445 servare
292 2399 334 2445 hos
349 2399 409 2447 urbis
426 2406 544 2461 apparetur
559 2397 684 2461 oportent.”
716 2398 762 2445 Ni·

93 2463 147 2518 cinr,
166 2477 206 2509 seu
223 2463 310 2525 pudore
327 2464 454 2510 maleactae
465 2465 503 2519 rei,
521 2478 561 2511 seu
576 2470 638 2512 metu
649 2462 763 2511 destitutae

135 2526 243 2582 ’civium
260 2542 301 2574 seu
316 2527 445 2589 impellente
462 2527 516 2583 fato,
531 2543 622 2575 manere
641 2527 764 2575 contendit.

148 2598 223 2638 aratur
239 2591 309 2654 igitur
325 2592 406 2639 narde
420 2592 521 2651 bellum;
537 2600 561 2639 et
576 2592 644 2639 animi
659 2591 764 2653 aptioris

93 2654 538 2719 fortnnaeprocellirdspemcertnminis
546 2662 694 2704 revocantur:
714 2654 763 2711 ned,
819 2656 821 2658 ’
887 2625 891 2626 ⁷

91 2718 182 2771 inscitii
191 2720 281 2781 ducum,
300 2722 340 2784 qui
355 2723 414 2771 inter
429 2723 547 2787 angustius
562 2723 631 2769 moris
640 2726 729 2768 tuentes
740 2733 766 2767 se
