1800 2942
159 162 208 206 ais
276 153 414 207 JUsTnu
430 151 596 203 maxxnt
612 151 710 204 Cass·

158 286 286 342 velentur,
297 287 414 349 deprecsta
423 291 476 342 est3
491 299 523 333 ne
532 284 645 332 disocsm
662 298 719 331 suus
736 284 831 348 adjungi

159 353 247 416 nepotis
262 350 380 414 parricidio
398 357 489 413 posset3
506 356 530 398 et
544 356 591 396 nm
607 356 702 396 cruente
720 349 774 397 haee
791 351 831 396 de·

160 418 257 464 semisse
273 417 354 471 virum
372 431 439 477 quam
449 415 487 461 ille
497 411 643 477 impugnisse
653 428 723 460 avum
740 414 830 461 videro

160 487 213 539 tur;
230 488 246 511 “
257 480 369 528 Nubendo
380 495 405 526 se
415 495 461 526 non
472 494 585 542 prosperae
595 485 691 533 tantum,
704 480 746 526 sed
757 479 830 526 omnis

159 546 257 593 fortunae
268 543 338 592 inisse
348 547 477 592 societatem
485 562 502 609 τ’
511 559 553 590 nec
563 544 657 591 invitam
668 544 775 606 periculo
785 544 830 606 spi·

160 611 217 658 ritds
228 611 263 658 sui
271 618 387 665 emturum,
399 618 424 656 ut
431 617 545 656 extremos
551 609 594 655 viri
602 608 694 670 spiritus
702 610 830 670 exciperet3

160 685 184 722 et
195 676 351 736 exsequiarum
368 675 474 728 officium,
488 675 512 720 in
523 673 590 735 quod
603 671 706 735 profecti
717 689 750 727 se,
763 687 829 723 nemo

160 742 190 787 sit
206 755 356 794 successurus.
374 739 480 800 obsequio
497 738 578 785 debitae
594 739 684 800 pietatis
701 735 830 800 impleret”

161 804 312 852 Discedentes
331 805 417 866 parvuli
435 802 503 850 flebili
522 803 608 849 ululatu
624 803 725 865 amplexi
744 809 830 864 patrem

160 870 272 916 tenebant.
306 869 344 915 Ex
353 866 424 915 alteri
434 875 497 931 parte
507 882 564 914 uxor
583 868 696 922 maritum,
717 883 766 914 non
783 881 830 914 am-

161 934 220 996 plius
230 935 311 988 visura,
326 933 409 980 osculis
427 932 543 995 fatigabat.
575 931 626 979 Nec
636 933 714 979 minus
725 932 788 978 senis
798 931 829 977 la·

161 1012 247 1058 emmae
256 997 392 1046 miserabiles
402 1006 473 1045 erant.
506 996 601 1044 Flebant
612 998 634 1043 bi
643 998 781 1044 morientem
791 1010 829 1058 pa·

160 1068 235 1119 trem;
251 1062 289 1108 ille
304 1062 394 1110 exsules
407 1063 503 1110 liberos:
524 1062 546 1109 bi
557 1062 658 1108 discessu
674 1077 717 1119 suo
728 1060 830 1108 solitudi-

162 1143 214 1174 nem
225 1128 301 1190 patris,
317 1129 374 1190 aegri
385 1129 462 1184 senis;
479 1128 517 1174 ille
527 1127 550 1172 in
562 1140 624 1189 spem
635 1127 702 1189 regni
713 1133 831 1187 susceptos

161 1192 256 1255 relinqui
266 1193 290 1239 in
300 1202 401 1255 egestate
411 1193 509 1254 lugebat.
537 1189 601 1238 Inter
612 1193 661 1238 haec
673 1191 738 1253 regia
748 1189 831 1242 onmis,

162 1258 313 1305 assistentium
334 1257 424 1304 fletibus
444 1267 491 1304 tam
509 1256 605 1304 erudelis
626 1255 714 1302 discidii
732 1255 830 1317 impleta,

161 1324 285 1370 resonabat.
317 1321 419 1368 Tandem
438 1321 506 1368 linem
522 1321 629 1382 lacrymis
644 1322 771 1366 necessitas
781 1334 831 1382 pro-

160 1387 265 1434 fectionis
278 1389 390 1448 imposuit,
408 1396 432 1433 et
450 1401 513 1432 mors
523 1387 584 1447 regis
594 1383 763 1447 proficiscentes
773 1383 832 1429 finos

162 1451 264 1499 insecuta
279 1460 320 1497 est.
353 1450 417 1497 Dum
429 1453 478 1497 haec
495 1457 599 1512 aguntur,
621 1447 831 1511 Carthaginienses,

162 1517 260 1578 cognitis
271 1532 321 1577 quae
332 1516 355 1561 in
366 1516 442 1562 Sicilii
460 1515 592 1577 agebantur,
608 1514 751 1560 occasionem
762 1514 832 1560 totius

161 1581 243 1629 insulae
259 1581 395 1643 occupandae
414 1581 488 1627 datam
506 1579 547 1624 sibi
564 1579 726 1631 existimantes,
739 1577 831 1639 magnis

162 1647 246 1692 viribus
257 1661 284 1691 eo
296 1646 421 1708 trajiciunt;
438 1644 566 1704 multasque
576 1644 679 1690 civitates
689 1643 808 1705 subigunt.

194 1708 243 1754 111.
259 1709 296 1756 Eo
307 1719 408 1771 tempore
422 1716 447 1756 et
465 1708 567 1770 Pyrrhus
585 1708 693 1755 adversus
712 1706 833 1754 Bonnam

161 1773 243 1820 bellum
254 1775 360 1835 gerebat;
378 1775 422 1836 qui,
435 1774 566 1836 imploratus
576 1788 591 1819 a
598 1772 682 1820 Siculis
690 1773 716 1818 in
724 1771 832 1819 auxilium

163 1837 241 1902 (monti
260 1839 344 1884 dictum
355 1839 401 1899 est)
419 1854 470 1885 cum
483 1838 606 1899 Syracusas
616 1839 726 1894 venisset,
737 1836 832 1884 multas-

162 1918 207 1965 que
217 1902 319 1950 civitates
330 1904 462 1965 subegisset,
481 1917 521 1949 rex
538 1901 628 1956 Siciliae,
645 1903 704 1948 sicut
714 1901 780 1964 Epiri
791 1915 832 1963 ap·

161 1968 263 2032 pellatur.
297 1967 399 2022 Quarum
418 1983 493 2015 rerum
515 1967 623 2014 felicitate
643 1967 718 2023 laetus,
740 1963 832 2012 Heleno

163 2033 210 2080 iilic
227 2033 317 2088 Siciliae,
333 2033 396 2080 velut
411 2034 505 2088 avitum,
526 2033 590 2096 (nam
604 2039 722 2093 susceptus
739 2045 770 2077 ex
788 2029 833 2077 filii

164 2098 299 2160 Agathoclis
309 2099 370 2160 regis
386 2096 444 2158 erat)
462 2097 593 2144 Alexandro
604 2103 679 2143 autem
691 2093 767 2142 Italiae
779 2110 831 2157 reg·

164 2178 220 2210 num
230 2164 333 2211 destinat.
365 2161 422 2210 Post
433 2163 483 2209 haec
494 2162 565 2208 multa
581 2160 679 2208 secunda
689 2160 770 2222 proelia
781 2173 832 2206 carm

164 2225 387 2290 Carthaginiensibus
397 2227 458 2274 facit.
491 2224 613 2290 Interjecto
624 2225 705 2272 deinde
720 2231 832 2286 tempore,

163 2291 233 2351 legati
245 2295 272 2338 ab
288 2290 373 2339 Italicis
384 2292 451 2338 sociis
464 2289 555 2348 venire,
572 2291 709 2344 nuntiantes,
721 2287 834 2336 Romanis

165 2355 237 2400 resisti
249 2371 295 2403 non
305 2372 378 2418 posse,
396 2357 575 2416 deditionemque
593 2354 699 2409 suturam,
718 2354 765 2401 nisi
780 2354 833 2400 suh-

164 2418 247 2464 veniat
275 2421 370 2468 sinm'us
387 2429 433 2467 tam
450 2420 555 2482 ambiguo
566 2419 671 2482 periculo,
686 2419 834 2478 incertisque

163 2481 217 2542 quid
228 2491 313 2544 ageret,
324 2487 361 2532 vel
371 2486 451 2546 quibus
458 2486 555 2547 primum
562 2484 697 2536 subveniret,
710 2483 735 2528 in
744 2488 834 2530 utrum·

164 2559 209 2606 que
226 2561 317 2608 pronus,
336 2550 486 2597 consultabat:
511 2550 600 2611 quippe,
623 2547 761 2595 instantibus
783 2548 836 2594 hino

165 2608 395 2677 Carthaginiensibus,
407 2614 460 2661 inde
476 2613 594 2667 Romanis,
606 2612 760 2674 periculosum
770 2612 836 2659 side·

164 2674 228 2722 hatur
244 2678 368 2724 exercitum
378 2679 403 2726 in
413 2675 504 2751 Italiam
522 2692 569 2727 non
586 2678 705 2741 trajicere3
720 2676 837 2741 periculo-
