1800 2942
300 503 487 571 JUSTINI

83 688 369 753 HISTORIARUM
389 687 707 749 PHILIPPICARUM
793 714 797 731 ι

104 835 212 920 siuns
229 867 534 923 Qunnnnossnrus
550 866 692 920 surmus,

97 1144 118 1196 1.
144 1145 251 1202 Pnnrm
271 1161 341 1209 penes
362 1160 425 1207 quos,
449 1145 513 1193 velut
537 1146 648 1193 divisione
667 1147 729 1195 orbis

58 1227 118 1263 oure
138 1210 248 1259 Romanis
265 1209 332 1267 fecti,
351 1225 413 1257 nuno
431 1209 533 1257 Orientis
548 1211 666 1272 imperium
684 1219 727 1264 est,

60 1278 204 1339 Scytharum
215 1276 304 1323 exsules
314 1273 384 1323 fuere.
417 1271 472 1321 Hoc
488 1275 555 1321 etism
570 1276 670 1337 ipsorum
685 1289 729 1321 vo·

58 1342 144 1392 oobulo
160 1340 328 1397 manifestatum
345 1354 398 1386 nom
413 1339 520 1400 Scytbioo
536 1354 639 1388 sermono
650 1338 729 1386 Parthi

57 1406 155 1456 exsules
171 1406 281 1452 dicuntur.
313 1404 354 1461 Hi,
370 1411 394 1451 et
403 1404 551 1465 Assyriorum
567 1412 591 1451 et
606 1403 729 1451 Medorum

60 1533 301 1585 rr

73 1551 138 1584 uere.

20 1617 29 1624 ·
61 1600 146 1651 Medis
157 1588 185 1646 s'd
196 1550 420 1647 Penssqtfflnntum
437 1606 479 1654 est,
495 1599 565 1645 veluti
580 1599 664 1661 vulgus
680 1599 730 1646 siue

62 1665 166 1718 nomine,
184 1664 260 1727 praedn
278 1664 389 1711 victorum
408 1661 478 1710 luere.
510 1662 630 1710 Postremo
648 1662 730 1712 Μαρο-

63 1730 169 1785 donibus,
187 1729 323 1790 triumphato
339 1727 440 1782 Oriente,
458 1728 598 1786 servierunt;
617 1735 643 1775 ut
658 1729 731 1788 cuivis

63 1796 151 1843 mirum
173 1794 282 1847 videntur,
310 1792 338 1841 sd
364 1799 449 1839 tuntum
471 1807 511 1839 eos
531 1791 661 1840 felicitatem
681 1795 729 1841 uir·

63 1867 117 1908 tute
133 1866 258 1920 provectos,
279 1864 303 1904 ut
319 1858 429 1919 imperent
444 1857 556 1919 gentibus,
579 1859 620 1905 sub
636 1873 730 1919 quorum

65 1923 171 1985 imperio,
188 1923 257 1969 veluti
274 1922 355 1969 servile
370 1922 461 1984 vulgus,
477 1919 547 1969 fuere.
578 1922 602 1970 A
620 1921 732 1971 Romanis

65 2002 166 2051 quoque.
176 1988 241 2033 trinis
251 1987 321 2042 bellis,
336 1987 376 2049 per‘
386 1987 498 2034 maximos
507 1987 583 2041 (luces.
599 1986 732 2034 florentissi-

66 2053 114 2101 mis
130 2052 266 2113 temporibus
283 2052 387 2105 lacessiti,
405 2051 446 2100 soli
464 2066 494 2098 ex
508 2052 611 2098 omnibus
626 2051 732 2112 gentibus

64 2130 119 2166 -nou
140 2130 205 2178 peres
227 2116 306 2172 solum,
332 2131 411 2164 verum
433 2118 501 2163 etiam
522 2116 629 2172 victores,
649 2112 729 2163 inere:

84 2195 204 2242 umquam
215 2182 265 2244 plus
280 2181 360 2244 gloriae
376 2182 412 2235 sit,
428 2182 489 2227 inter
497 2179 593 2240 Assyria
603 2187 627 2227 et
641 2180 734 2229 Modico

67 2198 212 2306 i'ersicsque,
234 2255 357 2293 memorato
372 2246 426 2292 olim
445 2260 522 2307 regns,
545 2252 569 2291 et
590 2244 733 2307 opulentissi-

68 2325 134 2358 mum
145 2310 207 2357 mille
217 2311 306 2357 urbium
316 2310 460 2359 Bsonlunurn
477 2310 602 2372 imperium,
618 2324 735 2373 emergere

68 2376 178 2438 potuisse,
194 2390 260 2436 quum
278 2375 402 2438 longinque
417 2374 477 2422 bellu
492 2376 579 2421 vicisse.
612 2374 734 2432 Preteres,

69 2453 123 2487 oum
139 2440 245 2501 gravibus
262 2439 373 2501 Scythicis
389 2448 413 2486 et
427 2439 559 2487 vicinalibus
568 2439 632 2487 bellis
647 2440 736 2488 assidue

70 2504 154 2560 vexati,
171 2506 239 2552 uariis
250 2504 399 2567 periculorum
414 2504 572 2552 certaminibus
584 2512 735 2568 urgerentur3

72 2570 95 2614 hi
107 2568 236 2616 domesticis
251 2570 395 2617 seditionibus
412 2566 506 2629 scysnit
521 2569 588 2631 pulsi,
605 2567 737 2617 solitudines

71 2634 131 2678 inter
140 2631 287 2693 Hyrcaniam,
297 2640 320 2681 et
326 2633 412 2688 Debes,
423 2643 448 2680 et
457 2634 536 2690 Areos,
547 2644 571 2680 et
583 2634 736 2700 [Spartanos]

74 2705 98 2745 et
121 2696 261 2760 Margianoi,
283 2697 360 2746 furtim
382 2695 527 2760 occupavere.
559 2697 627 2747 Fines
650 2699 736 2758 deinde.

466 2766 513 2809 211
