1800 2942
229 136 436 236 ,JUSTINle
448 178 497 229 111.
514 178 607 230 CM·
639 193 643 198 ’
704 185 748 230 181

91 311 219 366 ministerio,
236 312 348 374 possessio
361 309 486 358 'lancelino
500 308 628 357 Partheniis
643 309 667 356 in
683 314 750 358 reteri

89 393 143 425 num
153 375 259 426 madata:
277 377 306 423 ob
316 378 380 438 cujus
389 374 491 422 beneficii
502 374 632 422 memorium
643 373 753 430 Phalanto
812 387 814 391 “

90 443 177 490 divinos
188 442 285 488 honores
296 437 422 489 decrevere.

121 505 153 560 V.
169 503 261 553 Interea
278 505 397 562 Messenii,
419 519 471 551 cnm
490 506 573 552 virtute
590 519 636 551 non
652 512 751 565 possent,

90 586 129 634 per
148 570 241 618 insidias
262 577 428 631 expugnantur.
458 568 530 624 Dein,
552 584 603 616 otuu
624 584 664 630 per
681 582 753 615 annus

91 636 207 697 octoginta
224 635 303 697 granio
324 634 439 681 servitutis
458 635 557 688 verbera,
571 634 709 694 ¹plerumque
730 640 755 679 ot

90 699 186 753 vinculo,
204 706 329 759 ceteraque
344 699 479 759 captivitatis
493 698 553 745 molo
562 698 661 761 perpessi
670 704 754 757 essent,

88 775 142 827 post
151 763 244 826 longam
254 777 371 825 poenarum
382 762 518 824 patientiam,
529 762 612 810 bellum
622 762 755 810 instaurant.

67 832 70 837 '
92 828 260 877 Lacedaemonii
279 842 367 887 quoque
384 842 412 873 eo
427 827 575 888 conspiratius
585 827 614 873 ad
624 839 686 876 unta
700 841 757 876 con·

93 899 193 946 corruunt,
205 892 265 953 quod
273 892 380 938 adversus
390 892 623 942 servosdimicaudum
633 891 757 939 videbatur.

89 956 180 1019 Itaque,
203 971 255 1002 curn
277 956 329 1004 hinc
350 957 437 1018 injuria,
454 956 506 1002 inde
524 956 652 1017 indignitas,
669 957 757 1003 animos

92 1029 192 1077 acueret,-
209 1019 383 1074 Locedaemonii,
401 1021 430 1067 (le
438 1021 491 1067 belli
501 1028 586 1068 eventu
596 1020 687 1068 oraculo
697 1019 757 1073 Del-

92 1088 143 1150 phis
153 1085 264 1138 consulto,
273 1085 380 1146 jubentur
390 1084 471 1131 (lucem
481 1084 532 1131 belli
544 1085 571 1131 nb
582 1085 758 1133 Atheniensibus

65 1167 66 1170 ¹
92 1159 176 1216 petere.
208 1148 280 1197 Porro
291 1149 449 1201 Athenienses,
461 1163 513 1196 cum
526 1157 660 1209 responsum
671 1165 758 1212 cogno·

89 1218 186 1269 sissent,
197 1214 222 1259 in
233 1219 372 1266 contemtum
390 1212 549 1271 Spartanorum
565 1211 691 1272 Tyrtaeum,
703 1215 759 1275 poli·

93 1288 149 1335 sam,
160 1277 263 1328 claudum
273 1277 337 1338 pede,
353 1272 450 1326 misere:
469 1275 507 1334 qui
523 1277 594 1322 tribus
603 1277 688 1336 proeliis
697 1276 760 1327 susos

94 1360 123 1394 eo
133 1358 205 1405 usque
212 1341 374 1404 ,somonam
385 1340 507 1402 Spartanos
517 1340 616 1392 adduxit,
632 1347 658 1386 ut
668 1341 696 1392 ac
707 1357 761 1405 sup.

91 1409 240 1474 plementum
255 1405 368 1459 exercitis
393 1420 471 1451 servos
491 1418 551 1450 'suos
572 1406 762 1464 manumitterent,

91 1475 176 1537 hisque
193 1470 362 1538 interfectorum
386 1470 527 1518 matrimonia
548 1468 719 1531 pollicerentur3
735 1481 762 1519 ut

93 1554 143 1592 noa
153 1533 250 1592 numero
259 1542 347 1585 tuntum
358 1535 491 1581 omissorum
502 1534 592 1587 civium,
604 1533 643 1579 sed
653 1540 677 1580 et
687 1527 762 1597 digni·

93 1604 139 1652 ,tati
150 1601 302 1654 succederent,
336 1598 381 1645 Sed
396 1613 467 1660 reges¹
479 1596 709 1654 Lacedaemoniorum,
726 1615 762 1658 ne,

97 1675 178 1717 contra
192 1665 306 1714 fortunam
322 1664 451 1725 pugnando,
468 1662 552 1724 majora
563 1662 696 1710 detrimenta
706 1664 762 1713 civi·

96 1732 140 1781 toti
149 1727 285 1792 infligerent,
297 1729 402 1775 reducere
411 1727 535 1775 exercitum
544 1728 676 1786 voluerunt3
693 1730 717 1776 ni
727 1730 763 1777 in·

96 1795 235 1846 terrenisset
245 1792 360 1855 Tyrtaeus,
372 1792 410 1853 qui
421 1793 545 1853 composita
552 1792 650 1840 carmina
656 1796 765 1843 exercitui

97 1876 142 1926 pro
152 1859 262 1911 concione
277 1857 385 1910 recitavit,
395 1857 419 1903 in
430 1858 510 1917 quibus
520 1858 661 1906 hortamenta
668 1861 765 1918 virtutis,
796 1864 800 1872 '
829 1875 831 1879 ’

99 1926 233 1982 damnorum
243 1922 334 1978 solatia,
352 1921 403 1968 belli
414 1922 508 1969 consilia
517 1923 685 1984 conscripserat.
717 1921 766 1972 Ila·

99 2005 146 2052 que
156 1995 245 2038 tontum
255 1988 356 2040 ardorem
375 1986 481 2034 militibus
497 1988 580 2049 injecit,
596 1994 622 2034 ut
632 2002 679 2035 non
689 1988 718 2034 de
728 2004 766 2036 ss·

82 2055 156 2110 ,late
167 2053 208 2100 sed
215 2052 243 2099 de
254 2048 367 2114 sepulturi
376 2051 472 2106 solliciti,
483 2060 584 2107 tesseras,
592 2051 709 2113 insculptis
718 2055 767 2102 suis

98 2125 225 2181 otpertum
236 2117 369 2172 nominibus,
381 2117 460 2163 dextro
470 2117 560 2163 brachio
575 2115 714 2177 deligerent:
733 2127 766 2173 ut,

99 2186 122 2234 si
131 2197 211 2231 omnes
219 2181 336 2232 adversum
342 2181 446 2243 proelium
455 2180 622 2233 consumsisset,
630 2186 654 2226 et
661 2185 768 2243 temporis

100 2247 177 2311 spatio
194 2244 290 2293 confusa
307 2260 426 2307 corporum
444 2245 579 2292 lineamenta
594 2252 676 2300 meent,
692 2260 722 2292 ex
731 2248 768 2294 in·

102 2314 163 2361 dicio
181 2309 296 2358 titulorum
311 2310 369 2356 credi
388 2308 509 2371 sepulture
528 2314 628 2369 possent.
660 2306 720 2358 com
737 2314 770 2360 sic

104 2377 229 2425 animatum
240 2388 306 2435 reges
316 2374 439 2421 exercitum
450 2374 560 2428 viderent,
568 2378 647 2420 curant
657 2389 705 2421 rem
715 2377 769 2423 hos·

104 2442 166 2489 tibus
176 2438 281 2486 nuntiari.
297 2449 299 2454 ·
313 2436 436 2490 Messeniis
452 2444 527 2485 autem
546 2450 591 2483 non
608 2438 711 2487 timorem
727 2453 772 2497 res,

105 2506 148 2553 sod
157 2502 323 2553 emulationem
334 2499 442 2557 mutuam,
454 2502 522 2549 dedit
553 2499 634 2565 lisque
643 2504 712 2550 tantis
722 2507 771 2552 sui-

105 2570 151 2617 mis
161 2582 296 2617 concursum
307 2575 349 2623 est,
368 2574 393 2614 ut
409 2582 460 2614 raro
473 2581 571 2627 unquam
582 2566 696 2614 cruentius
710 2583 770 2628 proe·

104 2634 163 2684 lium
174 2631 249 2681 fuerit
285 2632 324 2680 Ad
334 2638 473 2696 postremum
481 2639 556 2679 tamen
563 2631 657 2680 victoria
664 2629 772 2677 Lacedae·

104 2698 240 2754 -monlcrum
249 2693 300 2764 luit.
357 2755 362 2764 ὓ
570 2753 571 2760 ¹
598 2751 601 2760 1

158 2763 165 2772 ·
569 2770 586 2801 s

767 2737 891 2795 'al
