1800 2942
226 196 363 251 Jusssur
379 167 511 246 Luxus.
527 196 625 254 crus,
705 201 752 248 sor

6 369 14 384 ,,
90 327 151 378 miri
161 330 242 378 virtute
252 328 375 392 pugnavit3
392 328 421 380 ad
433 334 573 390 postremum
587 329 612 375 in
622 328 753 378 societatem

6 387 14 452 ζ
91 397 142 459 ejus
157 401 268 443 assumtus
284 401 325 442 est.
357 392 449 441 Tertius
465 393 555 441 Parthis
571 408 611 440 rex
627 392 755 455 Pegasus

9 497 14 522 ,-
89 460 142 515 suit,
158 460 197 508 sed
210 467 234 507 et
249 460 298 521 ipse
315 458 413 506 Arsaces
429 458 517 506 dietus:
535 473 595 513 nam,
612 459 670 507 sicut
685 472 753 519 supra

9 562 14 572 .
35 563 37 568 ⁴
87 526 176 576 dietum
187 531 228 579 est,
238 538 317 571 omnes
325 537 390 585 reges
400 538 454 570 suos
464 524 507 571 hoe
516 524 615 579 nomine,
624 523 691 572 sicuti
701 521 752 578 Ro,

89 590 155 638 mani
166 587 275 644 Caesares,
287 589 456 650 Augustusque,
467 586 664 650 cognominavere.
695 585 753 645 1110,

6 642 12 710 f
89 654 149 701 actis
159 654 182 700 in
191 669 261 716 regno
272 653 397 715 quindecim
407 652 479 707 annis,
490 649 591 707 deoessit,
602 652 685 699 relictis
692 652 749 697 duo-

6 715 13 729 ‘
88 720 134 765 bus
150 716 208 774 filiis,
226 718 358 764 Mithridate
376 723 400 764 et
418 716 545 775 Phrahate3
567 731 662 778 quorum
679 713 751 778 major

6 766 8 792 i
89 777 224 838 Phrahates,
240 798 304 829 more
313 781 395 844 gentis,
411 782 484 829 haeres
493 782 565 844 regni,
581 782 683 837 Mardos,
693 779 751 830 salit

8 847 9 852 ’
62 865 64 868 ’
91 847 145 894 dam
155 858 254 909 gentem,
265 847 323 894 helio
334 846 434 903 domuit3
451 861 494 893 nes
504 847 576 893 multo
585 853 637 909 post
647 844 750 900 decessit,

6 957 12 976 ‚
88 911 192 975 plurrhus
200 911 251 958 filiis
259 911 355 958 relictis:
367 911 445 972 quihus
454 912 581 973 prseteritis,
590 911 653 959 fratri
660 910 750 973 potissi-

6 977 12 986 '
88 991 156 1024 mum
166 976 300 1031 Mithridati,
310 975 406 1037 insignis
416 975 568 1032 virtutisviro,
579 976 669 1038 reliquit
678 976 750 1037 impe·

8 1087 11 1094 ,
88 1042 165 1098 rium3
181 1041 231 1103 plus
247 1041 310 1103 regio
325 1055 392 1101 quarn
407 1040 480 1100 patrio
490 1039 564 1086 deberi
579 1041 665 1088 nomini
681 1049 749 1095 ratus,

6 1159 7 1162 Ἴ
86 1105 210 1170 potiusque
219 1106 297 1167 patriae
307 1119 374 1166 quam
383 1104 459 1151 liberis
469 1104 637 1152 consulendum.

124 1168 170 1219 v1.
185 1169 273 1217 Eodem
294 1169 366 1216 ferme
388 1175 497 1231 tempore,
524 1168 590 1215 sicuti
611 1169 635 1215 in
657 1167 747 1215 Parthis

6 1219 8 1244 ⁵
87 1234 244 1290 Mithridates,
260 1235 292 1281 ita
305 1233 329 1280 in
340 1232 429 1280 Bactris
439 1232 579 1288 Euoratides,
595 1233 672 1295 magni
686 1240 748 1280 uter·

86 1314 135 1361 que
145 1299 194 1355 viri,
210 1314 282 1361 regna
294 1298 380 1345 ineunt.
412 1297 458 1344 Sed
469 1297 603 1344 Parthorum
613 1296 704 1344 somnus
713 1296 748 1344 fe-

6 1351 10 1420 ζ
84 1365 154 1413 lioior
171 1364 199 1410 ad
215 1378 327 1411 summurn
341 1364 385 1412 hnc
399 1362 457 1410 duee
473 1363 561 1424 imperii
576 1361 691 1425 fastigium
709 1372 749 1410 eos

6 1427 8 1438 '
86 1429 202 1493 perduxit.
233 1427 347 1475 Bactriani
365 1432 446 1481 antem,
463 1442 503 1489 per
516 1427 579 1474 saria
592 1426 652 1474 bella
663 1427 749 1490 jactati,

6 1545 8 1552 ,
87 1509 138 1542 non
148 1507 243 1555 regnum
255 1499 348 1547 tantum,
358 1506 437 1551 verum
448 1492 516 1538 etiam
525 1491 656 1547 libertatem,
668 1492 749 1539 amise-

6 1559 8 1568 ’
87 1563 159 1606 runt:
178 1557 286 1618 siquidem
304 1557 475 1619 Sogdianorum,
495 1564 519 1605 et
536 1556 707 1613 Arachotorum,
725 1564 750 1605 et

84 1622 281 1685 Drangianorurn,
290 1620 442 1681 Indorumque
448 1621 513 1667 bellis
519 1619 614 1683 fatigati,
625 1609 654 1668 ad
661 1628 748 1683 postre-

6 1675 8 1700 ⁵
86 1702 153 1736 mum
164 1688 191 1734 ab
201 1687 366 1734 invalidioribus
376 1684 473 1738 Parthis,
488 1685 551 1732 velut
561 1700 696 1748 exsangues,
706 1701 749 1748 op-

6 1735 8 1762 ³
85 1752 161 1816 pressi
176 1758 235 1798 sunt.
267 1750 344 1798 Multa
357 1757 433 1798 tamen
447 1749 581 1798 Euoratides
594 1750 653 1797 bella
665 1751 750 1813 magna

86 1818 173 1866 virtute
182 1816 260 1878 gessit,
278 1817 357 1877 quibus
370 1815 465 1870 attritus,
482 1830 533 1862 oum
548 1815 685 1863 ohsidionem
696 1815 749 1863 De·

6 1883 7 1888 ’
87 1882 165 1929 metrii
179 1882 239 1943 regis
253 1879 362 1928 Indorum
372 1887 493 1942 pateretur,
510 1894 561 1927 oum
572 1881 678 1927 trecentis
687 1881 747 1927 miii·

87 1946 150 1995 tibus
164 1946 281 2007 sexaginta
295 1945 365 1992 miliia
375 1945 473 1992 hostium
488 1944 583 1992 assiduis
596 1943 749 2006 eruptionibus

87 2011 153 2061 vicit.
186 2009 273 2064 Quinto
290 2011 365 2071 itaque
386 2024 464 2056 mense
481 2010 592 2063 liberatus,
614 2007 702 2055 Indiam
723 2010 749 2057 in

87 2080 225 2139 potestatem
236 2074 330 2136 redegit.
363 2074 432 2121 Unde
441 2089 493 2121 cum
504 2089 529 2120 se
539 2073 653 2134 reciperet,
670 2087 684 2119 a
695 2072 748 2131 filio,

6 2183 7 2188 ,
88 2154 158 2202 quem
175 2140 260 2186 socium
279 2138 345 2201 regni
360 2137 449 2193 fenerat,
465 2139 489 2184 in
505 2138 584 2184 itinere
602 2136 748 2197 interficitur3

90 2205 137 2267 qui,
155 2219 201 2252 non
217 2202 356 2250 dissimulato
370 2202 494 2265 pardeidio,
510 2201 573 2248 velut
591 2202 685 2255 hostem,
701 2217 748 2251 non

88 2275 184 2332 patrem,
200 2267 353 2322 interfecisset,
371 2275 395 2315 et
403 2282 444 2330 per
457 2267 589 2329 sanguinem
600 2267 648 2329 ejus
658 2281 749 2315 currum

89 2335 145 2396 egit,
162 2339 185 2380 et
201 2348 283 2395 eorpus
296 2333 359 2396 abjici
375 2332 509 2394 insepultum
516 2331 592 2394 jussit.
624 2329 688 2377 Dum
699 2332 750 2381 haec

89 2398 149 2460 apud
167 2397 263 2445 Bactros
284 2403 400 2461 geruntur,
423 2396 512 2444 interim
530 2397 589 2443 inter
608 2394 705 2444 Parthos
725 2405 750 2446 et

6 2503 7 2506 ,
89 2461 175 2511 Medos
184 2463 266 2510 bellum
277 2464 354 2509 oritur.
386 2459 447 2510 Cum
461 2462 535 2508 varius
549 2462 664 2522 utriusque
673 2463 751 2524 populi

89 2542 156 2576 casus
171 2526 258 2583 suisset,
274 2527 302 2575 ad
316 2535 454 2589 postremum
467 2526 561 2573 victoria
574 2542 643 2589 penes
654 2525 751 2575 Parthos

89 2593 141 2640 fuit
172 2590 219 2640 His
235 2592 319 2639 viribus
336 2599 421 2647 auctus,
440 2590 585 2639 Mithridates
599 2590 686 2638 Mediae
702 2586 750 2642 Bri·

89 2657 153 2705 easin
173 2658 298 2720 praeponit:
321 2656 370 2718 ipse
390 2657 414 2702 in
436 2653 577 2717 Hyrcaniam
598 2654 752 2718 proficiscitur.

90 2720 161 2771 Unde
168 2736 278 2781 merrus,
288 2720 371 2772 murm
379 2735 431 2770 cum
439 2718 596 2781 Elymaeorum
604 2736 659 2786 rege
665 2722 737 2787 gessit
742 2741 751 2784 ς

364 2816 365 2820 ,
454 2788 528 2834 sus
