1800 2942
248 170 386 223 susum
402 173 457 224 Las.
468 173 516 223 XI.
531 172 625 225 cent.
721 175 767 221 231

98 302 153 367 qius
160 299 226 351 mere
240 304 340 368 pediturn
350 306 446 369 triginta
455 306 500 353 duo
509 305 588 363 millia,
605 303 704 365 equitnm
715 316 771 363 qus·

101 368 237 417 tuornrillis
255 370 379 433 quingenti,
391 386 462 420 nares
479 379 570 418 eentum
586 369 703 431 octoginta
713 368 772 414 duae.

102 432 161 481 Hae
173 439 228 481 tm
243 433 314 496 parvi
332 450 401 483 manu
420 438 550 483 universum
568 443 678 482 terrarum
694 433 771 479 orbem

101 504 182 546 ulrum
198 499 350 547 admirabilius
364 502 450 560 vicerit,
463 517 491 548 an
502 501 595 564 aggredi
610 513 678 546 ausus
696 497 771 552 luerit,

102 561 217 611 imum
228 573 270 612 est.
293 564 353 613 Cum
364 567 393 614 ad
403 574 449 613 tarn
457 568 607 629 periculosum
615 564 699 611 bellurn
706 577 772 609 eser·

101 628 174 675 eitum
195 630 288 692 legeret,
310 646 356 679 non
373 633 472 694 juvenes
491 633 599 686 robustos,
617 645 659 676 nec
674 630 772 692 primum

102 692 280 752 domassetis,
298 697 338 743 sed
349 706 480 755 veteranos3
497 697 615 760 plerosque
631 696 698 742 etiam
709 708 772 739 ense·

101 760 155 816 ,rita
165 759 258 816 militm,
275 762 314 822 qui
330 777 381 809 curn
391 770 456 825 petre
470 763 600 825 petruisque
616 760 773 812 militaverant,

101 824 185 887 adagim
203 831 286 873 utnon
296 833 342 873 tant
353 827 442 883 milites,
462 843 530 888 quarn
542 828 663 889 magistros
679 823 773 876 militie,

100 889 189 938 eleetos
202 898 300 954 putares.
338 891 436 940 Ordines
454 908 544 955 quoque
562 907 629 939 nemo
648 890 690 936 nisi
707 902 773 935 sexs-

99 955 211 1017 gensrirss
226 956 307 1015 dunit3
324 967 356 1012 ut,
368 958 386 1005 si
397 959 506 1021 principis
522 965 646 1005 easmorum
663 968 773 1008 cerneres,

100 1026 208 1067 metum
217 1029 242 1067 te
252 1022 345 1084 aliestjtss
355 1023 435 1085 priseae
451 1024 579 1085 reipublicae
589 1023 666 1069 videre
682 1020 775 1066 diceres.

100 1082 187 1147 linque
196 1100 264 1134 nemo
279 1088 302 1134 in
313 1088 393 1149 proelio
403 1088 489 1150 fugam,
502 1089 543 1134 sed
553 1088 669 1134 victoriam
686 1084 774 1146 cogita-

100 1150 154 1208 vit;
171 1166 214 1198 nee
220 1152 244 1198 in
255 1153 346 1213 pedibus
357 1154 460 1213 cuiqnam
472 1168 530 1215 spes,
542 1153 582 1199 sed
592 1154 615 1197 in
627 1150 716 1197 lacertis
723 1148 774 1194 fnit.

102 1211 194 1263 conas
203 1230 246 1263 ren
256 1216 375 1264 Persarum
391 1216 486 1272 Darius,
496 1214 578 1263 fiduciis
584 1217 672 1269 virium,
684 1214 716 1260 nii
724 1220 775 1260 astu

73 1325 75 1330 ,
101 1294 180 1343 egere,
192 1282 306 1330 affirmem
312 1283 366 1337 suis,
377 1283 467 1330 occulta
476 1280 678 1329 consiliarietoriae
684 1278 775 1325 furtiva

98 1346 241 1393 murmires
261 1362 305 1394 neo
317 1349 405 1394 hostem
423 1348 489 1410 regni
501 1346 583 1393 finibus
601 1360 683 1398 arcere,
701 1343 775 1390 sedin

102 1410 210 1459 intimum
221 1426 317 1475 regnum
329 1413 440 1475 aoeipere3
458 1412 580 1475 gloriosius
594 1419 655 1457 ratus
670 1407 776 1470 repellere

98 1476 197 1530 bellium
218 1492 286 1537 quam
305 1492 352 1524 non
374 1477 499 1524 admittere.
533 1476 611 1522 Prima
632 1475 702 1537 igitur
719 1487 774 1519 oon·

102 1541 195 1604 gressio
204 1541 229 1587 in
240 1543 325 1604 eampis
341 1542 455 1588 Adrastise
466 1541 516 1588 fuit.
549 1539 578 1588 ln
595 1542 643 1586 acie
655 1538 774 1585 Persarum

97 1613 213 1658 merse
223 1607 293 1653 millia
302 1607 398 1653 militum
408 1605 487 1664 fudere3
503 1621 562 1668 quae,
580 1620 626 1651 non
642 1604 717 1650 minus
728 1610 777 1649 arte

102 1669 238 1726 Alexandri,
250 1687 316 1731 qnam
328 1673 413 1718 virtute
424 1671 578 1719 Macedonum
589 1679 699 1731 superata,
710 1675 776 1730 terga

104 1742 229 1783 verterunt.
263 1736 352 1799 Magna
361 1737 437 1797 itaque
448 1737 521 1783 caedes
531 1735 650 1784 Persarum
662 1734 712 1781 tuit.
735 1732 776 1780 De

101 1800 206 1849 esereitr
225 1801 349 1848 Alexandri
369 1816 451 1849 novem
471 1804 565 1864 pedites,
585 1810 676 1848 centum
694 1799 776 1862 viginti

101 1866 192 1928 etprites
210 1865 326 1924 escidire3
344 1882 400 1928 quos
417 1882 457 1914 rex
475 1869 577 1930 impense
595 1867 623 1914 ad
641 1873 776 1914 ceterorum

100 1931 233 1993 amptum
252 1932 356 1979 humatos
374 1933 453 1980 statuis
467 1934 606 1995 equestribus
621 1931 720 1984 donavit,
737 1944 777 1975 oo-

96 1996 224 2060 gnstisqne
240 2011 319 2044 eorum
329 1999 482 2048 immunitates
491 1999 558 2045 dedit
592 1997 649 2043 Post
659 1993 776 2041 victoriam

101 2063 177 2124 major
192 2075 244 2124 pars
261 2062 325 2110 Anias
342 2063 369 2110 od
388 2079 440 2110 eurn
457 2063 544 2110 defecit.
579 2062 658 2108 Gessit
673 2067 697 2106 et
712 2058 777 2121 pluro
847 2093 849 2096 -

100 2126 163 2174 bella
173 2141 225 2174 oum
236 2127 349 2188 prefectis
358 2127 433 2205 ⁸Darii.
454 2143 510 2188 quos
520 2129 568 2191 jem
584 2141 630 2172 non
642 2133 688 2171 tem
700 2123 775 2180 armis,

86 2291 90 2296 .
102 2199 553 2320 Ψὶιῖἳΐῧυᾙοὲἓᾚυᾞυῖΐωήω
561 2256 643 2303 indicio
655 2254 736 2316 captivi
749 2252 778 2300 ad

96 2335 158 2370 aesm
169 2321 275 2374 defertur,
287 2323 378 2370 insidias
388 2324 408 2370 ei
420 2325 448 2369 ab
462 2323 593 2369 Alexandro
605 2316 721 2383 Lyncistt,
734 2334 777 2381 ge·

103 2400 161 2434 neto
169 2386 290 2449 Antipatri,
297 2388 334 2447 qui
342 2388 477 2451 prepositus
485 2387 628 2434 Mmedoniae
636 2394 690 2439 erat,
698 2384 779 2446 parari.

104 2451 143 2499 Ob
152 2466 221 2512 qrsorn
238 2467 328 2498 eausam
348 2453 437 2507 timens,
459 2468 488 2499 ne
507 2452 557 2512 quis
572 2451 692 2498 interiecto
708 2465 736 2495 eo
751 2450 776 2495 in

104 2515 244 2564 Msoedonii
260 2527 336 2565 motus
353 2518 456 2573 oriretur,
470 2519 494 2565 in
512 2516 608 2564 vinculis
625 2531 676 2563 eum
693 2514 777 2560 habuit.

105 2580 165 2629 Post
175 2583 226 2632 lsaec
235 2582 349 2629 Gordium
360 2582 437 2630 urbem
448 2584 512 2645 petit,
524 2598 575 2643 quae
588 2582 661 2643 posita
672 2587 706 2625 est
718 2579 778 2623 inter

106 2644 233 2709 Phrygiam
243 2648 351 2710 majorem
362 2654 386 2694 et
396 2649 521 2694 minorem:
541 2648 605 2708 cujus
616 2644 676 2691 urbis
686 2641 777 2703 potiun-

98 2710 141 2762 δε
152 2725 200 2762 non
210 2719 257 2761 tarn
268 2719 359 2777 propter
373 2713 475 2776 predam
492 2711 573 2775 cupido
587 2725 640 2758 eum
654 2706 720 2768 cepit,
737 2703 776 2751 sed
