<?xml version="1.0" encoding="UTF-8"?>
<!DOCTYPE html PUBLIC "-//W3C//DTD XHTML 1.0 Transitional//EN"
    "http://www.w3.org/TR/xhtml1/DTD/xhtml1-transitional.dtd">
<html xmlns="http://www.w3.org/1999/xhtml" xml:lang="en" lang="en">
 <head>
  <title>
</title>
<meta http-equiv="Content-Type" content="text/html;charset=utf-8" />
  <meta name='ocr-system' content='tesseract 3.04.00' />
  <meta name='ocr-capabilities' content='ocr_page ocr_carea ocr_par ocr_line ocrx_word'/>
</head>
<body>
  <div class='ocr_page' id='page_1' title='image "./quaeintegrasupe00grongoog_0518.png"; bbox 0 0 1800 2942; ppageno 0'>
   <div class='ocr_carea' id='block_1_1' title="bbox 114 119 665 191">
    <p class='ocr_par' dir='ltr' id='par_1_1' title="bbox 114 119 665 191">
     <span class='ocr_line' id='line_1_1' title="bbox 114 119 665 191; baseline 0.002 -2"><span class='ocrx_word' id='word_1_1' title='bbox 114 146 164 191; x_wconf 80' lang='lat' dir='ltr'><strong>ns</strong></span> <span class='ocrx_word' id='word_1_2' title='bbox 237 135 376 191; x_wconf 72' lang='lat' dir='ltr'><strong>Jus&#39;rlm</strong></span> <span class='ocrx_word' id='word_1_3' title='bbox 390 119 443 190; x_wconf 64' lang='lat' dir='ltr'><strong>hur</strong></span> <span class='ocrx_word' id='word_1_4' title='bbox 455 138 552 189; x_wconf 76' lang='lat' dir='ltr'><strong>mn.</strong></span> <span class='ocrx_word' id='word_1_5' title='bbox 569 138 630 190; x_wconf 72' lang='lat' dir='ltr'><strong>cn.</strong></span> <span class='ocrx_word' id='word_1_6' title='bbox 641 143 665 190; x_wconf 78' lang='lat'><strong>5.</strong></span> 
     </span>
    </p>
   </div>
   <div class='ocr_carea' id='block_1_2' title="bbox 117 269 805 2078">
    <p class='ocr_par' dir='ltr' id='par_1_2' title="bbox 117 269 805 2078">
     <span class='ocr_line' id='line_1_2' title="bbox 149 269 790 335; baseline -0.005 -16"><span class='ocrx_word' id='word_1_7' title='bbox 149 270 182 320; x_wconf 88' lang='lat' dir='ltr'><strong>V.</strong></span> <span class='ocrx_word' id='word_1_8' title='bbox 199 270 256 319; x_wconf 81' lang='lat' dir='ltr'><strong>Post</strong></span> <span class='ocrx_word' id='word_1_9' title='bbox 265 272 315 318; x_wconf 74' lang='lat' dir='ltr'><strong>haec</strong></span> <span class='ocrx_word' id='word_1_10' title='bbox 325 285 409 333; x_wconf 81' lang='lat' dir='ltr'><strong>magna</strong></span> <span class='ocrx_word' id='word_1_11' title='bbox 422 271 467 318; x_wconf 88' lang='lat' dir='ltr'><strong>illis</strong></span> <span class='ocrx_word' id='word_1_12' title='bbox 481 286 533 318; x_wconf 87' lang='lat' dir='ltr'><strong>cum</strong></span> <span class='ocrx_word' id='word_1_13' title='bbox 549 269 679 333; x_wconf 80' lang='lat' dir='ltr'><strong>Liguribus,</strong></span> <span class='ocrx_word' id='word_1_14' title='bbox 700 279 790 335; x_wconf 71' lang='lat' dir='ltr'><strong>magns</strong></span> 
     </span>
     <span class='ocr_line' id='line_1_3' title="bbox 117 333 789 399; baseline 0 -15"><span class='ocrx_word' id='word_1_15' title='bbox 117 352 170 384; x_wconf 85' lang='lat' dir='ltr'><strong>eum</strong></span> <span class='ocrx_word' id='word_1_16' title='bbox 182 336 264 390; x_wconf 87' lang='lat' dir='ltr'><strong>Gallis,</strong></span> <span class='ocrx_word' id='word_1_17' title='bbox 279 333 342 382; x_wconf 69' lang='lat' dir='ltr'><strong>fuere</strong></span> <span class='ocrx_word' id='word_1_18' title='bbox 356 335 428 382; x_wconf 87' lang='lat' dir='ltr'><strong>bella:</strong></span> <span class='ocrx_word' id='word_1_19' title='bbox 447 351 498 398; x_wconf 81' lang='lat' dir='ltr'><strong>quae</strong></span> <span class='ocrx_word' id='word_1_20' title='bbox 518 351 553 383; x_wconf 86' lang='lat' dir='ltr'><strong>res</strong></span> <span class='ocrx_word' id='word_1_21' title='bbox 570 344 593 381; x_wconf 88' lang='lat' dir='ltr'><strong>et</strong></span> <span class='ocrx_word' id='word_1_22' title='bbox 612 337 673 382; x_wconf 91' lang='lat' dir='ltr'><strong>urbis</strong></span> <span class='ocrx_word' id='word_1_23' title='bbox 687 337 789 399; x_wconf 75' lang='lat' dir='ltr'><strong>gloriam</strong></span> 
     </span>
     <span class='ocr_line' id='line_1_4' title="bbox 118 399 790 461; baseline 0 -13"><span class='ocrx_word' id='word_1_24' title='bbox 118 403 187 457; x_wconf 74' lang='lat' dir='ltr'><strong>auxit,</strong></span> <span class='ocrx_word' id='word_1_25' title='bbox 204 409 227 448; x_wconf 91' lang='lat' dir='ltr'><strong>et</strong></span> <span class='ocrx_word' id='word_1_26' title='bbox 242 401 350 447; x_wconf 81' lang='lat' dir='ltr'><strong>virtutem</strong></span> <span class='ocrx_word' id='word_1_27' title='bbox 364 399 506 454; x_wconf 76' lang='lat' dir='ltr'><strong>Grecomm,</strong></span> <span class='ocrx_word' id='word_1_28' title='bbox 521 399 669 461; x_wconf 74' lang='lat' dir='ltr'><strong>multiplicata</strong></span> <span class='ocrx_word' id='word_1_29' title='bbox 681 402 790 458; x_wconf 70' lang='lat' dir='ltr'><strong>victoria,</strong></span> 
     </span>
     <span class='ocr_line' id='line_1_5' title="bbox 118 462 788 526; baseline 0.001 -14"><span class='ocrx_word' id='word_1_30' title='bbox 118 467 229 513; x_wconf 81' lang='lat' dir='ltr'>celebrem</span> <span class='ocrx_word' id='word_1_31' title='bbox 240 465 299 511; x_wconf 75' lang='lat' dir='ltr'><strong>inter</strong></span> <span class='ocrx_word' id='word_1_32' title='bbox 309 464 416 513; x_wconf 85' lang='lat' dir='ltr'><strong>finitimos</strong></span> <span class='ocrx_word' id='word_1_33' title='bbox 424 465 526 512; x_wconf 80' lang='lat' dir='ltr'><strong>reddidit.</strong></span> <span class='ocrx_word' id='word_1_34' title='bbox 559 462 788 526; x_wconf 72' lang='lat' dir='ltr'><strong>Carthaginiensium</strong></span> 
     </span>
     <span class='ocr_line' id='line_1_6' title="bbox 117 530 788 592; baseline -0.001 -15"><span class='ocrx_word' id='word_1_35' title='bbox 117 545 209 592; x_wconf 89' lang='lat' dir='ltr'><strong>quoque</strong></span> <span class='ocrx_word' id='word_1_36' title='bbox 229 531 347 583; x_wconf 84' lang='lat' dir='ltr'><strong>exereitus,</strong></span> <span class='ocrx_word' id='word_1_37' title='bbox 371 545 422 576; x_wconf 88' lang='lat' dir='ltr'><strong>cum</strong></span> <span class='ocrx_word' id='word_1_38' title='bbox 444 530 527 575; x_wconf 84' lang='lat' dir='ltr'><strong>bellum</strong></span> <span class='ocrx_word' id='word_1_39' title='bbox 552 530 622 590; x_wconf 84' lang='lat' dir='ltr'><strong>captis</strong></span> <span class='ocrx_word' id='word_1_40' title='bbox 645 531 788 591; x_wconf 82' lang='lat' dir='ltr'><strong>piscatorum</strong></span> 
     </span>
     <span class='ocr_line' id='line_1_7' title="bbox 117 594 789 656; baseline 0.001 -14"><span class='ocrx_word' id='word_1_41' title='bbox 117 596 213 642; x_wconf 84' lang='lat' dir='ltr'><strong>navibus</strong></span> <span class='ocrx_word' id='word_1_42' title='bbox 224 605 298 641; x_wconf 88' lang='lat' dir='ltr'><strong>ortum</strong></span> <span class='ocrx_word' id='word_1_43' title='bbox 307 601 372 648; x_wconf 87' lang='lat' dir='ltr'><strong>esset,</strong></span> <span class='ocrx_word' id='word_1_44' title='bbox 386 610 446 656; x_wconf 83' lang='lat' dir='ltr'><strong>saepe</strong></span> <span class='ocrx_word' id='word_1_45' title='bbox 461 594 572 648; x_wconf 76' lang='lat' dir='ltr'><strong>fuderunt,</strong></span> <span class='ocrx_word' id='word_1_46' title='bbox 583 608 708 655; x_wconf 86' lang='lat' dir='ltr'><strong>pacemque</strong></span> <span class='ocrx_word' id='word_1_47' title='bbox 718 596 789 643; x_wconf 83' lang='lat' dir='ltr'><strong>victis</strong></span> 
     </span>
     <span class='ocr_line' id='line_1_8' title="bbox 119 657 803 721; baseline -0.006 -15"><span class='ocrx_word' id='word_1_48' title='bbox 119 659 242 716; x_wconf 81' lang='lat' dir='ltr'><strong>dederunt3</strong></span> <span class='ocrx_word' id='word_1_49' title='bbox 260 675 311 706; x_wconf 89' lang='lat' dir='ltr'><strong>cum</strong></span> <span class='ocrx_word' id='word_1_50' title='bbox 323 657 432 721; x_wconf 82' lang='lat' dir='ltr'><strong>Hispanis</strong></span> <span class='ocrx_word' id='word_1_51' title='bbox 447 659 566 705; x_wconf 75' lang='lat' dir='ltr'><strong>amicitiam</strong></span> <span class='ocrx_word' id='word_1_52' title='bbox 572 658 715 719; x_wconf 83' lang='lat' dir='ltr'><strong>junxerunt;</strong></span> <span class='ocrx_word' id='word_1_53' title='bbox 733 674 803 705; x_wconf 71' lang='lat' dir='ltr'><strong>eam,</strong></span> 
     </span>
     <span class='ocr_line' id='line_1_9' title="bbox 119 722 788 785; baseline -0.001 -14"><span class='ocrx_word' id='word_1_54' title='bbox 119 723 231 771; x_wconf 85' lang='lat' dir='ltr'><strong>Romanis</strong></span> <span class='ocrx_word' id='word_1_55' title='bbox 258 739 326 785; x_wconf 86' lang='lat' dir='ltr'>prope</span> <span class='ocrx_word' id='word_1_56' title='bbox 348 723 376 769; x_wconf 86' lang='lat' dir='ltr'><strong>ab</strong></span> <span class='ocrx_word' id='word_1_57' title='bbox 390 723 468 770; x_wconf 83' lang='lat' dir='ltr'><strong>initio</strong></span> <span class='ocrx_word' id='word_1_58' title='bbox 493 723 590 769; x_wconf 85' lang='lat' dir='ltr'><strong>conditae</strong></span> <span class='ocrx_word' id='word_1_59' title='bbox 611 722 681 769; x_wconf 80' lang='lat' dir='ltr'><strong>Urbis</strong></span> <span class='ocrx_word' id='word_1_60' title='bbox 709 723 788 770; x_wconf 82' lang='lat' dir='ltr'><strong>soedus</strong></span> 
     </span>
     <span class='ocr_line' id='line_1_10' title="bbox 119 787 787 847; baseline 0 -11"><span class='ocrx_word' id='word_1_61' title='bbox 119 788 209 836; x_wconf 78' lang='lat' dir='ltr'><strong>summh</strong></span> <span class='ocrx_word' id='word_1_62' title='bbox 230 787 274 834; x_wconf 84' lang='lat' dir='ltr'><strong>ilde</strong></span> <span class='ocrx_word' id='word_1_63' title='bbox 296 788 455 842; x_wconf 79' lang='lat' dir='ltr'><strong>custodierunt,</strong></span> <span class='ocrx_word' id='word_1_64' title='bbox 480 788 612 847; x_wconf 80' lang='lat' dir='ltr'><strong>auxiliisque</strong></span> <span class='ocrx_word' id='word_1_65' title='bbox 633 787 658 833; x_wconf 90' lang='lat' dir='ltr'><strong>in</strong></span> <span class='ocrx_word' id='word_1_66' title='bbox 679 789 787 836; x_wconf 79' lang='lat' dir='ltr'><strong>omnibus</strong></span> 
     </span>
     <span class='ocr_line' id='line_1_11' title="bbox 118 852 787 915; baseline -0.003 -14"><span class='ocrx_word' id='word_1_67' title='bbox 118 854 183 901; x_wconf 84' lang='lat' dir='ltr'><strong>bellis</strong></span> <span class='ocrx_word' id='word_1_68' title='bbox 201 852 309 899; x_wconf 87' lang='lat' dir='ltr'><strong>industrie</strong></span> <span class='ocrx_word' id='word_1_69' title='bbox 328 852 402 899; x_wconf 81' lang='lat' dir='ltr'><strong>socios</strong></span> <span class='ocrx_word' id='word_1_70' title='bbox 414 854 532 915; x_wconf 83' lang='lat' dir='ltr'><strong>juverunt.</strong></span> <span class='ocrx_word' id='word_1_71' title='bbox 565 852 625 905; x_wconf 80' lang='lat' dir='ltr'><strong>Quae</strong></span> <span class='ocrx_word' id='word_1_72' title='bbox 643 867 680 898; x_wconf 84' lang='lat' dir='ltr'><strong>res</strong></span> <span class='ocrx_word' id='word_1_73' title='bbox 698 852 745 899; x_wconf 89' lang='lat' dir='ltr'><strong>illis</strong></span> <span class='ocrx_word' id='word_1_74' title='bbox 761 859 787 899; x_wconf 87' lang='lat' dir='ltr'><strong>et</strong></span> 
     </span>
     <span class='ocr_line' id='line_1_12' title="bbox 118 916 787 979; baseline -0.003 -14"><span class='ocrx_word' id='word_1_75' title='bbox 118 918 201 965; x_wconf 85' lang='lat' dir='ltr'><strong>virium</strong></span> <span class='ocrx_word' id='word_1_76' title='bbox 211 916 314 962; x_wconf 87' lang='lat' dir='ltr'><strong>fiduciam</strong></span> <span class='ocrx_word' id='word_1_77' title='bbox 325 917 394 971; x_wconf 83' lang='lat' dir='ltr'><strong>auxit,</strong></span> <span class='ocrx_word' id='word_1_78' title='bbox 405 925 429 963; x_wconf 88' lang='lat' dir='ltr'><strong>et</strong></span> <span class='ocrx_word' id='word_1_79' title='bbox 439 932 516 979; x_wconf 84' lang='lat' dir='ltr'><strong>paoem</strong></span> <span class='ocrx_word' id='word_1_80' title='bbox 525 918 553 964; x_wconf 87' lang='lat' dir='ltr'><strong>ab</strong></span> <span class='ocrx_word' id='word_1_81' title='bbox 562 917 664 963; x_wconf 84' lang='lat' dir='ltr'><strong>hostibus</strong></span> <span class='ocrx_word' id='word_1_82' title='bbox 672 916 787 978; x_wconf 76' lang='lat' dir='ltr'><strong>praestitit.</strong></span> 
     </span>
     <span class='ocr_line' id='line_1_13' title="bbox 120 980 789 1042; baseline -0.004 -11"><span class='ocrx_word' id='word_1_83' title='bbox 120 980 180 1031; x_wconf 88' lang='lat' dir='ltr'><strong>Cum</strong></span> <span class='ocrx_word' id='word_1_84' title='bbox 205 982 275 1042; x_wconf 82' lang='lat' dir='ltr'><strong>igitur</strong></span> <span class='ocrx_word' id='word_1_85' title='bbox 300 980 405 1028; x_wconf 74' lang='lat' dir='ltr'><strong>Massilia</strong></span> <span class='ocrx_word' id='word_1_86' title='bbox 425 980 486 1028; x_wconf 73' lang='lat' dir='ltr'><strong>famil</strong></span> <span class='ocrx_word' id='word_1_87' title='bbox 509 996 584 1028; x_wconf 85' lang='lat' dir='ltr'><strong>rerum</strong></span> <span class='ocrx_word' id='word_1_88' title='bbox 610 988 735 1042; x_wconf 78' lang='lat' dir='ltr'><strong>gestarum,</strong></span> <span class='ocrx_word' id='word_1_89' title='bbox 762 987 789 1028; x_wconf 85' lang='lat' dir='ltr'><strong>et</strong></span> 
     </span>
     <span class='ocr_line' id='line_1_14' title="bbox 120 1044 805 1108; baseline -0.001 -15"><span class='ocrx_word' id='word_1_90' title='bbox 120 1044 254 1093; x_wconf 75' lang='lat' dir='ltr'><strong>abundantii</strong></span> <span class='ocrx_word' id='word_1_91' title='bbox 272 1060 350 1107; x_wconf 87' lang='lat' dir='ltr'><strong>opum,</strong></span> <span class='ocrx_word' id='word_1_92' title='bbox 367 1054 390 1092; x_wconf 84' lang='lat' dir='ltr'><strong>et</strong></span> <span class='ocrx_word' id='word_1_93' title='bbox 404 1047 486 1093; x_wconf 87' lang='lat' dir='ltr'><strong>virium</strong></span> <span class='ocrx_word' id='word_1_94' title='bbox 503 1044 576 1108; x_wconf 71' lang='lat' dir='ltr'><strong>gloria</strong></span> <span class='ocrx_word' id='word_1_95' title='bbox 586 1046 675 1093; x_wconf 85' lang='lat' dir='ltr'><strong>virente</strong></span> <span class='ocrx_word' id='word_1_96' title='bbox 683 1044 786 1100; x_wconf 57' lang='lat' dir='ltr'><strong>floream</strong></span> <span class='ocrx_word' id='word_1_97' title='bbox 801 1060 805 1066; x_wconf 93' lang='lat'><em>·</em></span> 
     </span>
     <span class='ocr_line' id='line_1_15' title="bbox 120 1237 787 1301; baseline 0.001 -14"><span class='ocrx_word' id='word_1_98' title='bbox 120 1241 189 1295; x_wconf 88' lang='lat' dir='ltr'><strong>dium,</strong></span> <span class='ocrx_word' id='word_1_99' title='bbox 206 1247 349 1287; x_wconf 85' lang='lat' dir='ltr'><strong>concurrunt.</strong></span> <span class='ocrx_word' id='word_1_100' title='bbox 388 1239 450 1301; x_wconf 30' lang='lat' dir='ltr'><strong>Dux·</strong></span> <span class='ocrx_word' id='word_1_101' title='bbox 463 1254 574 1287; x_wconf 86' lang='lat' dir='ltr'><strong>consensu</strong></span> <span class='ocrx_word' id='word_1_102' title='bbox 591 1240 693 1286; x_wconf 87' lang='lat' dir='ltr'><strong>omnium</strong></span> <span class='ocrx_word' id='word_1_103' title='bbox 711 1237 787 1288; x_wconf 83' lang='lat' dir='ltr'><strong>Catu·</strong></span> 
     </span>
     <span class='ocr_line' id='line_1_16' title="bbox 120 1304 788 1368; baseline 0 -16"><span class='ocrx_word' id='word_1_104' title='bbox 120 1306 216 1353; x_wconf 81' lang='lat' dir='ltr'><strong>mondus</strong></span> <span class='ocrx_word' id='word_1_105' title='bbox 229 1305 321 1368; x_wconf 84' lang='lat' dir='ltr'><strong>regulus</strong></span> <span class='ocrx_word' id='word_1_106' title='bbox 331 1304 436 1366; x_wconf 80' lang='lat' dir='ltr'><strong>eligitur:</strong></span> <span class='ocrx_word' id='word_1_107' title='bbox 456 1306 501 1367; x_wconf 84' lang='lat' dir='ltr'><strong>qui,</strong></span> <span class='ocrx_word' id='word_1_108' title='bbox 513 1319 564 1351; x_wconf 84' lang='lat' dir='ltr'><strong>oum</strong></span> <span class='ocrx_word' id='word_1_109' title='bbox 581 1318 666 1365; x_wconf 84' lang='lat' dir='ltr'><strong>magno</strong></span> <span class='ocrx_word' id='word_1_110' title='bbox 683 1305 788 1352; x_wconf 84' lang='lat' dir='ltr'><strong>exercitu</strong></span> 
     </span>
     <span class='ocr_line' id='line_1_17' title="bbox 120 1369 789 1431; baseline -0.004 -14"><span class='ocrx_word' id='word_1_111' title='bbox 120 1370 292 1417; x_wconf 78' lang='lat' dir='ltr'><strong>lectissimorum</strong></span> <span class='ocrx_word' id='word_1_112' title='bbox 303 1370 402 1417; x_wconf 85' lang='lat' dir='ltr'><strong>virorum</strong></span> <span class='ocrx_word' id='word_1_113' title='bbox 414 1370 491 1416; x_wconf 89' lang='lat' dir='ltr'><strong>urbem</strong></span> <span class='ocrx_word' id='word_1_114' title='bbox 505 1370 604 1416; x_wconf 85' lang='lat' dir='ltr'><strong>hostium</strong></span> <span class='ocrx_word' id='word_1_115' title='bbox 615 1369 736 1423; x_wconf 64' lang='lat' dir='ltr'><strong>obsideret,</strong></span> <span class='ocrx_word' id='word_1_116' title='bbox 746 1384 789 1431; x_wconf 84' lang='lat' dir='ltr'><strong>per</strong></span> 
     </span>
     <span class='ocr_line' id='line_1_18' title="bbox 120 1432 788 1497; baseline 0 -16"><span class='ocrx_word' id='word_1_117' title='bbox 120 1435 219 1496; x_wconf 83' lang='lat' dir='ltr'><strong>quietem</strong></span> <span class='ocrx_word' id='word_1_118' title='bbox 230 1435 304 1497; x_wconf 85' lang='lat' dir='ltr'><strong>specie</strong></span> <span class='ocrx_word' id='word_1_119' title='bbox 314 1441 386 1481; x_wconf 82' lang='lat' dir='ltr'><strong>torvae</strong></span> <span class='ocrx_word' id='word_1_120' title='bbox 397 1435 503 1489; x_wconf 85' lang='lat' dir='ltr'><strong>mulieris,</strong></span> <span class='ocrx_word' id='word_1_121' title='bbox 514 1449 565 1494; x_wconf 86' lang='lat' dir='ltr'><strong>quae</strong></span> <span class='ocrx_word' id='word_1_122' title='bbox 573 1449 598 1479; x_wconf 88' lang='lat' dir='ltr'><strong>se</strong></span> <span class='ocrx_word' id='word_1_123' title='bbox 605 1432 680 1479; x_wconf 85' lang='lat' dir='ltr'><strong>Deam</strong></span> <span class='ocrx_word' id='word_1_124' title='bbox 689 1434 788 1492; x_wconf 81' lang='lat' dir='ltr'><strong>dicebat,</strong></span> 
     </span>
     <span class='ocr_line' id='line_1_19' title="bbox 120 1497 787 1562; baseline -0.001 -16"><span class='ocrx_word' id='word_1_125' title='bbox 120 1501 249 1553; x_wconf 77' lang='lat' dir='ltr'><strong>extemitus,</strong></span> <span class='ocrx_word' id='word_1_126' title='bbox 273 1499 332 1546; x_wconf 89' lang='lat' dir='ltr'><strong>ultro</strong></span> <span class='ocrx_word' id='word_1_127' title='bbox 349 1514 427 1562; x_wconf 85' lang='lat' dir='ltr'><strong>pacem</strong></span> <span class='ocrx_word' id='word_1_128' title='bbox 447 1514 500 1545; x_wconf 86' lang='lat' dir='ltr'><strong>oum</strong></span> <span class='ocrx_word' id='word_1_129' title='bbox 517 1498 699 1545; x_wconf 85' lang='lat' dir='ltr'><strong>Massiliensibus</strong></span> <span class='ocrx_word' id='word_1_130' title='bbox 715 1497 787 1555; x_wconf 71' lang='lat' dir='ltr'><strong>fecit3</strong></span> 
     </span>
     <span class='ocr_line' id='line_1_20' title="bbox 120 1562 789 1627; baseline 0 -16"><span class='ocrx_word' id='word_1_131' title='bbox 120 1564 235 1627; x_wconf 86' lang='lat' dir='ltr'><strong>petitoque</strong></span> <span class='ocrx_word' id='word_1_132' title='bbox 246 1571 272 1611; x_wconf 81' lang='lat' dir='ltr'><strong>ut</strong></span> <span class='ocrx_word' id='word_1_133' title='bbox 278 1565 361 1611; x_wconf 85' lang='lat' dir='ltr'><strong>intrare</strong></span> <span class='ocrx_word' id='word_1_134' title='bbox 369 1564 401 1611; x_wconf 89' lang='lat' dir='ltr'><strong>illi</strong></span> <span class='ocrx_word' id='word_1_135' title='bbox 409 1564 493 1618; x_wconf 79' lang='lat' dir='ltr'><strong>urbem,</strong></span> <span class='ocrx_word' id='word_1_136' title='bbox 501 1571 524 1610; x_wconf 88' lang='lat' dir='ltr'><strong>et</strong></span> <span class='ocrx_word' id='word_1_137' title='bbox 532 1562 598 1610; x_wconf 85' lang='lat' dir='ltr'><strong>Deos</strong></span> <span class='ocrx_word' id='word_1_138' title='bbox 607 1577 686 1608; x_wconf 87' lang='lat' dir='ltr'><strong>eorum</strong></span> <span class='ocrx_word' id='word_1_139' title='bbox 693 1562 789 1611; x_wconf 85' lang='lat' dir='ltr'><strong>adorare</strong></span> 
     </span>
     <span class='ocr_line' id='line_1_21' title="bbox 121 1627 789 1688; baseline -0.003 -13"><span class='ocrx_word' id='word_1_140' title='bbox 121 1629 207 1682; x_wconf 77' lang='lat' dir='ltr'><strong>liceret,</strong></span> <span class='ocrx_word' id='word_1_141' title='bbox 219 1642 270 1675; x_wconf 89' lang='lat' dir='ltr'><strong>oum</strong></span> <span class='ocrx_word' id='word_1_142' title='bbox 283 1629 306 1674; x_wconf 92' lang='lat' dir='ltr'><strong>in</strong></span> <span class='ocrx_word' id='word_1_143' title='bbox 324 1643 398 1676; x_wconf 83' lang='lat' dir='ltr'><strong>arcem</strong></span> <span class='ocrx_word' id='word_1_144' title='bbox 409 1627 524 1675; x_wconf 82' lang='lat' dir='ltr'><strong>Minervae</strong></span> <span class='ocrx_word' id='word_1_145' title='bbox 538 1628 645 1682; x_wconf 74' lang='lat' dir='ltr'><strong>venisset,</strong></span> <span class='ocrx_word' id='word_1_146' title='bbox 663 1635 789 1688; x_wconf 77' lang='lat' dir='ltr'><strong>conspecto</strong></span> 
     </span>
     <span class='ocr_line' id='line_1_22' title="bbox 121 1692 789 1754; baseline 0 -15"><span class='ocrx_word' id='word_1_147' title='bbox 121 1693 146 1739; x_wconf 86' lang='lat' dir='ltr'><strong>in</strong></span> <span class='ocrx_word' id='word_1_148' title='bbox 156 1693 278 1754; x_wconf 86' lang='lat' dir='ltr'><strong>porticibus</strong></span> <span class='ocrx_word' id='word_1_149' title='bbox 289 1693 406 1740; x_wconf 80' lang='lat' dir='ltr'><strong>simulacro</strong></span> <span class='ocrx_word' id='word_1_150' title='bbox 418 1692 486 1747; x_wconf 75' lang='lat' dir='ltr'><strong>Deae,</strong></span> <span class='ocrx_word' id='word_1_151' title='bbox 502 1706 568 1753; x_wconf 89' lang='lat' dir='ltr'><strong>quam</strong></span> <span class='ocrx_word' id='word_1_152' title='bbox 584 1707 625 1753; x_wconf 85' lang='lat' dir='ltr'><strong>per</strong></span> <span class='ocrx_word' id='word_1_153' title='bbox 640 1692 742 1753; x_wconf 80' lang='lat' dir='ltr'><strong>quietem</strong></span> <span class='ocrx_word' id='word_1_154' title='bbox 752 1693 789 1739; x_wconf 81' lang='lat' dir='ltr'><strong>vi-</strong></span> 
     </span>
     <span class='ocr_line' id='line_1_23' title="bbox 122 1757 792 1818; baseline 0 -14"><span class='ocrx_word' id='word_1_155' title='bbox 122 1757 192 1812; x_wconf 81' lang='lat' dir='ltr'><strong>derat,</strong></span> <span class='ocrx_word' id='word_1_156' title='bbox 209 1763 300 1818; x_wconf 81' lang='lat' dir='ltr'><strong>repente</strong></span> <span class='ocrx_word' id='word_1_157' title='bbox 316 1758 435 1812; x_wconf 75' lang='lat' dir='ltr'><strong>exclamat,</strong></span> <span class='ocrx_word' id='word_1_158' title='bbox 453 1757 513 1804; x_wconf 89' lang='lat' dir='ltr'><strong>illam</strong></span> <span class='ocrx_word' id='word_1_159' title='bbox 530 1771 587 1809; x_wconf 81' lang='lat' dir='ltr'><strong>esse,</strong></span> <span class='ocrx_word' id='word_1_160' title='bbox 605 1770 658 1816; x_wconf 83' lang='lat' dir='ltr'><strong>quae</strong></span> <span class='ocrx_word' id='word_1_161' title='bbox 677 1769 703 1803; x_wconf 90' lang='lat' dir='ltr'><strong>se</strong></span> <span class='ocrx_word' id='word_1_162' title='bbox 719 1763 792 1804; x_wconf 82' lang='lat' dir='ltr'><strong>nocte</strong></span> 
     </span>
     <span class='ocr_line' id='line_1_24' title="bbox 120 1820 789 1884; baseline -0.001 -15"><span class='ocrx_word' id='word_1_163' title='bbox 120 1822 280 1879; x_wconf 79' lang='lat' dir='ltr'><strong>exterruisset3</strong></span> <span class='ocrx_word' id='word_1_164' title='bbox 297 1821 365 1877; x_wconf 86' lang='lat' dir='ltr'><strong>illam,</strong></span> <span class='ocrx_word' id='word_1_165' title='bbox 383 1837 435 1883; x_wconf 79' lang='lat' dir='ltr'><strong>quae</strong></span> <span class='ocrx_word' id='word_1_166' title='bbox 450 1822 554 1869; x_wconf 80' lang='lat' dir='ltr'><strong>recedere</strong></span> <span class='ocrx_word' id='word_1_167' title='bbox 570 1820 598 1867; x_wconf 91' lang='lat' dir='ltr'><strong>ab</strong></span> <span class='ocrx_word' id='word_1_168' title='bbox 612 1820 729 1867; x_wconf 83' lang='lat' dir='ltr'><strong>obsidione</strong></span> <span class='ocrx_word' id='word_1_169' title='bbox 735 1823 789 1884; x_wconf 89' lang='lat' dir='ltr'><strong>jus·</strong></span> 
     </span>
     <span class='ocr_line' id='line_1_25' title="bbox 121 1885 789 1947; baseline -0.003 -12"><span class='ocrx_word' id='word_1_170' title='bbox 121 1888 197 1935; x_wconf 70' lang='lat' dir='ltr'><strong>sisset</strong></span> <span class='ocrx_word' id='word_1_171' title='bbox 228 1886 405 1947; x_wconf 83' lang='lat' dir='ltr'><strong>Gratulatusque</strong></span> <span class='ocrx_word' id='word_1_172' title='bbox 415 1887 602 1939; x_wconf 85' lang='lat' dir='ltr'><strong>Massiliensibus,</strong></span> <span class='ocrx_word' id='word_1_173' title='bbox 613 1885 675 1946; x_wconf 90' lang='lat' dir='ltr'><strong>quod</strong></span> <span class='ocrx_word' id='word_1_174' title='bbox 685 1885 789 1933; x_wconf 87' lang='lat' dir='ltr'><strong>animad-</strong></span> 
     </span>
     <span class='ocr_line' id='line_1_26' title="bbox 120 1950 791 2012; baseline -0.01 -11"><span class='ocrx_word' id='word_1_175' title='bbox 120 1958 229 2009; x_wconf 80' lang='lat' dir='ltr'><strong>verteret,</strong></span> <span class='ocrx_word' id='word_1_176' title='bbox 240 1966 280 1999; x_wconf 86' lang='lat' dir='ltr'><strong>eos</strong></span> <span class='ocrx_word' id='word_1_177' title='bbox 290 1952 318 1999; x_wconf 91' lang='lat' dir='ltr'><strong>ad</strong></span> <span class='ocrx_word' id='word_1_178' title='bbox 332 1966 408 1999; x_wconf 85' lang='lat' dir='ltr'><strong>suram</strong></span> <span class='ocrx_word' id='word_1_179' title='bbox 423 1951 527 1999; x_wconf 83' lang='lat' dir='ltr'><strong>Deorum</strong></span> <span class='ocrx_word' id='word_1_180' title='bbox 544 1950 705 1997; x_wconf 84' lang='lat' dir='ltr'><strong>immortalium</strong></span> <span class='ocrx_word' id='word_1_181' title='bbox 716 1952 791 2012; x_wconf 83' lang='lat' dir='ltr'><strong>perti·</strong></span> 
     </span>
     <span class='ocr_line' id='line_1_27' title="bbox 121 2014 791 2078; baseline -0.001 -14"><span class='ocrx_word' id='word_1_182' title='bbox 121 2030 183 2073; x_wconf 79' lang='lat' dir='ltr'><strong>nere,</strong></span> <span class='ocrx_word' id='word_1_183' title='bbox 201 2015 453 2078; x_wconf 71' lang='lat' dir='ltr'><strong>torque‘aureodonath</strong></span> <span class='ocrx_word' id='word_1_184' title='bbox 465 2014 525 2071; x_wconf 73' lang='lat' dir='ltr'><strong>Dei,</strong></span> <span class='ocrx_word' id='word_1_185' title='bbox 541 2016 566 2063; x_wconf 89' lang='lat' dir='ltr'><strong>in</strong></span> <span class='ocrx_word' id='word_1_186' title='bbox 581 2021 715 2077; x_wconf 84' lang='lat' dir='ltr'><strong>perpetuum</strong></span> <span class='ocrx_word' id='word_1_187' title='bbox 731 2016 791 2063; x_wconf 87' lang='lat' dir='ltr'><strong>ami-</strong></span> 
     </span>
    </p>
   </div>
   <div class='ocr_carea' id='block_1_3' title="bbox 118 2077 889 2144">
    <p class='ocr_par' dir='ltr' id='par_1_3' title="bbox 118 2077 889 2144">
     <span class='ocr_line' id='line_1_28' title="bbox 118 2077 889 2144; baseline -0.003 -16"><span class='ocrx_word' id='word_1_188' title='bbox 118 2082 269 2129; x_wconf 75' lang='lat' dir='ltr'><strong>enimcum</strong></span> <span class='ocrx_word' id='word_1_189' title='bbox 286 2081 467 2129; x_wconf 85' lang='lat' dir='ltr'><strong>Massiliensibus</strong></span> <span class='ocrx_word' id='word_1_190' title='bbox 480 2081 565 2144; x_wconf 82' lang='lat' dir='ltr'><strong>junxit.</strong></span> <span class='ocrx_word' id='word_1_191' title='bbox 598 2077 668 2127; x_wconf 71' lang='lat' dir='ltr'><strong>Parth</strong></span> <span class='ocrx_word' id='word_1_192' title='bbox 682 2094 746 2140; x_wconf 83' lang='lat' dir='ltr'><strong>pace,</strong></span> <span class='ocrx_word' id='word_1_193' title='bbox 767 2087 792 2127; x_wconf 82' lang='lat' dir='ltr'><strong>et</strong></span> <span class='ocrx_word' id='word_1_194' title='bbox 888 2101 889 2108; x_wconf 20' lang='grc' dir='ltr'><strong>κ</strong></span> 
     </span>
    </p>
   </div>
   <div class='ocr_carea' id='block_1_4' title="bbox 122 2143 791 2207">
    <p class='ocr_par' dir='ltr' id='par_1_4' title="bbox 122 2143 791 2207">
     <span class='ocr_line' id='line_1_29' title="bbox 122 2143 791 2207; baseline -0.004 -14"><span class='ocrx_word' id='word_1_195' title='bbox 122 2147 243 2193; x_wconf 63' lang='lat' dir='ltr'><strong>maritate</strong></span> <span class='ocrx_word' id='word_1_196' title='bbox 254 2145 354 2202; x_wconf 77' lang='lat' dir='ltr'><strong>fundati,</strong></span> <span class='ocrx_word' id='word_1_197' title='bbox 368 2153 508 2194; x_wconf 83' lang='lat' dir='ltr'><strong>revertentes</strong></span> <span class='ocrx_word' id='word_1_198' title='bbox 518 2162 533 2194; x_wconf 92' lang='lat' dir='ltr'><strong>a</strong></span> <span class='ocrx_word' id='word_1_199' title='bbox 543 2145 640 2207; x_wconf 86' lang='lat' dir='ltr'><strong>Delphis</strong></span> <span class='ocrx_word' id='word_1_200' title='bbox 654 2143 791 2191; x_wconf 87' lang='lat' dir='ltr'><strong>Massilien-</strong></span> 
     </span>
    </p>
   </div>
   <div class='ocr_carea' id='block_1_5' title="bbox 122 2209 889 2272">
    <p class='ocr_par' dir='ltr' id='par_1_5' title="bbox 122 2209 889 2272">
     <span class='ocr_line' id='line_1_30' title="bbox 122 2209 889 2272; baseline -0.007 -15"><span class='ocrx_word' id='word_1_201' title='bbox 122 2211 181 2257; x_wconf 87' lang='lat' dir='ltr'><strong>sium</strong></span> <span class='ocrx_word' id='word_1_202' title='bbox 202 2210 279 2271; x_wconf 83' lang='lat' dir='ltr'><strong>legab&#39;‚</strong></span> <span class='ocrx_word' id='word_1_203' title='bbox 303 2225 348 2271; x_wconf 90' lang='lat' dir='ltr'><strong>quo</strong></span> <span class='ocrx_word' id='word_1_204' title='bbox 365 2212 429 2258; x_wconf 88' lang='lat' dir='ltr'><strong>missi</strong></span> <span class='ocrx_word' id='word_1_205' title='bbox 446 2226 542 2258; x_wconf 90' lang='lat' dir='ltr'><strong>munera</strong></span> <span class='ocrx_word' id='word_1_206' title='bbox 559 2209 662 2272; x_wconf 85' lang='lat' dir='ltr'><strong>Apollini</strong></span> <span class='ocrx_word' id='word_1_207' title='bbox 681 2209 792 2269; x_wconf 78' lang='lat' dir='ltr'><strong>tulerant,</strong></span> <span class='ocrx_word' id='word_1_208' title='bbox 888 2245 889 2252; x_wconf 71' lang='grc'>,</span> 
     </span>
    </p>
   </div>
   <div class='ocr_carea' id='block_1_6' title="bbox 118 2273 792 2465">
    <p class='ocr_par' dir='ltr' id='par_1_6' title="bbox 118 2273 792 2465">
     <span class='ocr_line' id='line_1_31' title="bbox 118 2273 792 2335; baseline 0.003 -17"><span class='ocrx_word' id='word_1_209' title='bbox 118 2274 241 2320; x_wconf 80' lang='lat' dir='ltr'><strong>¹audierunt</strong></span> <span class='ocrx_word' id='word_1_210' title='bbox 256 2273 333 2321; x_wconf 90' lang='lat' dir='ltr'><strong>urbem</strong></span> <span class='ocrx_word' id='word_1_211' title='bbox 343 2274 472 2323; x_wconf 87' lang='lat' dir='ltr'><strong>Romanam</strong></span> <span class='ocrx_word' id='word_1_212' title='bbox 484 2291 497 2322; x_wconf 93' lang='lat' dir='ltr'><strong>a</strong></span> <span class='ocrx_word' id='word_1_213' title='bbox 508 2274 583 2323; x_wconf 87' lang='lat' dir='ltr'><strong>Gallis</strong></span> <span class='ocrx_word' id='word_1_214' title='bbox 596 2280 692 2335; x_wconf 82' lang='lat' dir='ltr'><strong>captam,</strong></span> <span class='ocrx_word' id='word_1_215' title='bbox 709 2274 792 2334; x_wconf 76' lang='lat' dir='ltr'><strong>inaen-</strong></span> 
     </span>
     <span class='ocr_line' id='line_1_32' title="bbox 123 2337 792 2401; baseline 0.004 -18"><span class='ocrx_word' id='word_1_216' title='bbox 123 2350 223 2397; x_wconf 87' lang='lat' dir='ltr'><strong>samque.</strong></span> <span class='ocrx_word' id='word_1_217' title='bbox 255 2337 331 2392; x_wconf 86' lang='lat' dir='ltr'><strong>Quam</strong></span> <span class='ocrx_word' id='word_1_218' title='bbox 342 2354 389 2386; x_wconf 88' lang='lat' dir='ltr'><strong>rem</strong></span> <span class='ocrx_word' id='word_1_219' title='bbox 401 2341 461 2387; x_wconf 86' lang='lat' dir='ltr'><strong>domi</strong></span> <span class='ocrx_word' id='word_1_220' title='bbox 472 2341 598 2387; x_wconf 75' lang='lat' dir='ltr'><strong>nunfiatam</strong></span> <span class='ocrx_word' id='word_1_221' title='bbox 608 2338 699 2401; x_wconf 89' lang='lat' dir='ltr'><strong>publico</strong></span> <span class='ocrx_word' id='word_1_222' title='bbox 708 2337 792 2386; x_wconf 81' lang='lat' dir='ltr'><strong>funere</strong></span> 
     </span>
     <span class='ocr_line' id='line_1_33' title="bbox 122 2398 791 2465; baseline 0.007 -20"><span class='ocrx_word' id='word_1_223' title='bbox 122 2398 279 2447; x_wconf 85' lang='lat' dir='ltr'><strong>Massilienses</strong></span> <span class='ocrx_word' id='word_1_224' title='bbox 289 2404 401 2463; x_wconf 85' lang='lat' dir='ltr'><strong>prosecuti</strong></span> <span class='ocrx_word' id='word_1_225' title='bbox 412 2415 482 2462; x_wconf 79' lang='lat' dir='ltr'><strong>sunt3</strong></span> <span class='ocrx_word' id='word_1_226' title='bbox 499 2419 624 2465; x_wconf 86' lang='lat' dir='ltr'><strong>aurumque</strong></span> <span class='ocrx_word' id='word_1_227' title='bbox 633 2409 657 2450; x_wconf 88' lang='lat' dir='ltr'><strong>et</strong></span> <span class='ocrx_word' id='word_1_228' title='bbox 667 2409 791 2464; x_wconf 76' lang='lat' dir='ltr'><strong>argeutum</strong></span> 
     </span>
    </p>
   </div>
   <div class='ocr_carea' id='block_1_7' title="bbox 33 2457 890 2528">
    <p class='ocr_par' dir='ltr' id='par_1_7' title="bbox 33 2457 890 2528">
     <span class='ocr_line' id='line_1_34' title="bbox 33 2457 890 2528; baseline 0.007 -19"><span class='ocrx_word' id='word_1_229' title='bbox 33 2500 40 2509; x_wconf 90' lang='lat'>.</span> <span class='ocrx_word' id='word_1_230' title='bbox 117 2463 235 2524; x_wconf 84' lang='lat' dir='ltr'><strong>publicum</strong></span> <span class='ocrx_word' id='word_1_231' title='bbox 252 2466 410 2528; x_wconf 86' lang='lat' dir='ltr'><strong>privatumque</strong></span> <span class='ocrx_word' id='word_1_232' title='bbox 423 2470 581 2523; x_wconf 66' lang='lat' dir='ltr'><strong>&#39;contulerunt</strong></span> <span class='ocrx_word' id='word_1_233' title='bbox 600 2467 791 2528; x_wconf 74' lang='lat' dir='ltr'><strong>adexplensum</strong></span> <span class='ocrx_word' id='word_1_234' title='bbox 888 2457 890 2480; x_wconf 51' lang='lat'>⁸</span> 
     </span>
    </p>
   </div>
   <div class='ocr_carea' id='block_1_8' title="bbox 97 2513 889 2595">
    <p class='ocr_par' dir='ltr' id='par_1_8' title="bbox 97 2513 889 2595">
     <span class='ocr_line' id='line_1_35' title="bbox 97 2513 889 2595; baseline 0 -20"><span class='ocrx_word' id='word_1_235' title='bbox 97 2563 100 2568; x_wconf 82' lang='lat'><strong>.</strong></span> <span class='ocrx_word' id='word_1_236' title='bbox 122 2528 303 2586; x_wconf 83' lang='lat' dir='ltr'><strong>pondusGallis,</strong></span> <span class='ocrx_word' id='word_1_237' title='bbox 315 2544 329 2578; x_wconf 90' lang='lat' dir='ltr'><strong>a</strong></span> <span class='ocrx_word' id='word_1_238' title='bbox 340 2532 419 2592; x_wconf 87' lang='lat' dir='ltr'><strong>quibus</strong></span> <span class='ocrx_word' id='word_1_239' title='bbox 433 2534 558 2581; x_wconf 83' lang='lat' dir='ltr'><strong>redemtam</strong></span> <span class='ocrx_word' id='word_1_240' title='bbox 575 2546 654 2595; x_wconf 81' lang='lat' dir='ltr'><strong>paoem</strong></span> <span class='ocrx_word' id='word_1_241' title='bbox 671 2544 797 2593; x_wconf 62' lang='lat' dir='ltr'><strong>cognose.</strong></span> <span class='ocrx_word' id='word_1_242' title='bbox 888 2513 889 2542; x_wconf 62' lang='lat'><em>³</em></span> 
     </span>
    </p>
   </div>
   <div class='ocr_carea' id='block_1_9' title="bbox 117 2590 793 2721">
    <p class='ocr_par' dir='ltr' id='par_1_9' title="bbox 117 2590 793 2721">
     <span class='ocr_line' id='line_1_36' title="bbox 117 2590 792 2654; baseline 0.024 -18"><span class='ocrx_word' id='word_1_243' title='bbox 117 2594 181 2654; x_wconf 61' lang='lat' dir='ltr'><strong>haut.</strong></span> <span class='ocrx_word' id='word_1_244' title='bbox 194 2617 196 2620; x_wconf 95' lang='lat'>·</span> <span class='ocrx_word' id='word_1_245' title='bbox 211 2590 250 2639; x_wconf 89' lang='lat' dir='ltr'><strong>Ob</strong></span> <span class='ocrx_word' id='word_1_246' title='bbox 259 2594 320 2653; x_wconf 86' lang='lat' dir='ltr'><strong>quod</strong></span> <span class='ocrx_word' id='word_1_247' title='bbox 330 2596 435 2645; x_wconf 88' lang='lat' dir='ltr'><strong>meritum</strong></span> <span class='ocrx_word' id='word_1_248' title='bbox 447 2604 475 2645; x_wconf 88' lang='lat' dir='ltr'><strong>et·</strong></span> <span class='ocrx_word' id='word_1_249' title='bbox 484 2598 616 2645; x_wconf 82' lang='lat' dir='ltr'><strong>immunitas</strong></span> <span class='ocrx_word' id='word_1_250' title='bbox 629 2596 678 2643; x_wconf 78' lang='lat' dir='ltr'><strong>illis</strong></span> <span class='ocrx_word' id='word_1_251' title='bbox 691 2596 792 2651; x_wconf 68' lang='grc' dir='ltr'><strong>ὖθῦῐθῐῑ»</strong></span> 
     </span>
     <span class='ocr_line' id='line_1_37' title="bbox 122 2653 793 2721; baseline 0.012 -19"><span class='ocrx_word' id='word_1_252' title='bbox 122 2658 145 2698; x_wconf 77' lang='lat' dir='ltr'><strong>st</strong></span> <span class='ocrx_word' id='word_1_253' title='bbox 163 2653 227 2704; x_wconf 82' lang='lat' dir='ltr'><strong>locus</strong></span> <span class='ocrx_word' id='word_1_254' title='bbox 242 2659 421 2719; x_wconf 69' lang='lat' dir='ltr'><strong>mecnoulmum</strong></span> <span class='ocrx_word' id='word_1_255' title='bbox 437 2663 463 2717; x_wconf 79' lang='lat' dir='ltr'><strong>in</strong></span> <span class='ocrx_word' id='word_1_256' title='bbox 479 2662 650 2721; x_wconf 79' lang='lat' dir='ltr'><strong>senatu-datus,</strong></span> <span class='ocrx_word' id='word_1_257' title='bbox 670 2667 697 2711; x_wconf 86' lang='lat' dir='ltr'><strong>et</strong></span> <span class='ocrx_word' id='word_1_258' title='bbox 714 2659 793 2711; x_wconf 72' lang='lat' dir='ltr'><strong>rosus</strong></span> 
     </span>
    </p>
   </div>
   <div class='ocr_carea' id='block_1_10' title="bbox 0 0 910 2942">
    <p class='ocr_par' dir='ltr' id='par_1_10' title="bbox 0 0 910 2942">
     <span class='ocr_line' id='line_1_38' title="bbox 0 0 910 2942; baseline 0 0"><span class='ocrx_word' id='word_1_259' title='bbox 0 0 910 2942; x_wconf 95' lang='lat' dir='ltr'><strong> </strong></span> 
     </span>
    </p>
   </div>
  </div>
 </body>
</html>
