1800 2942
147 137 197 184 tto
285 128 424 182 JUs'rmi
433 132 494 186 ,Lu
503 131 568 188 vus
578 130 640 183 en.
649 138 673 186 6.

145 273 199 325 spes
207 261 310 312 onnon
319 260 364 309 fult
373 279 382 321 ;
398 269 423 309 et
437 270 528 325 propter
537 264 608 325 ipsius
617 264 812 327 ingenium-quod

146 327 813 455 imittllttoitlnilz⁰t³lit⁸llm

144 463 262 519 regnante,
277 455 460 504 florentissimum
478 457 528 505 fore
544 458 689 506 Macedoniae
708 466 806 508 stamme

145 524 183 570 oui
194 522 241 585 spei
252 522 324 568 scelus
334 523 412 568 matris
422 523 483 569 hune
493 523 607 569 residuum
617 523 710 571 fecerat,
742 522 809 572 Prin·

144 587 203 649 cipio
219 586 291 647 regni,
302 601 354 633 eum
364 587 417 633 bino
425 588 499 633 caetles
508 587 603 635 fratrum
611 588 708 649 indigne
722 604 810 650 perem-

145 658 226 704 torum‚
238 651 291 697 inde
301 651 399 697 hostiurn
410 651 530 699 multitudo
539 669 547 709 ς
558 652 610 698 hinc
620 653 751 700 insidiarum
762 668 809 701 me·

145 722 189 772 tue,
197 715 249 762 inde
257 715 333 778 inopia
341 716 455 763 continuis
465 716 528 763 bellis
538 718 641 764 exhausti
649 719 809 779 regniimnra-

145 787 219 827 turam
241 786 331 830 aetatem
350 781 429 827 tironis
447 789 571 843 urgerent3
587 782 651 836 bella,
670 798 730 843 quae,
748 783 809 834 velut

143 846 309 907 conspiratione
316 843 418 904 quidam,
426 845 455 892 sd
463 846 629 908 opprimendam
641 845 807 902 Macedoniam,

143 909 265 956 multarum
283 910 385 970 gentium
403 924 434 956 ex
455 911 548 957 diversis
564 910 621 958 loeis
642 926 689 958 uno
708 920 809 975 tempore

144 972 294 1027 confluebant,
310 974 416 1033 quonism
432 975 536 1022 omnibus
545 990 585 1037 par
595 990 703 1030 essenon
713 983 808 1038 poterat,

143 1038 291 1100 dispensanda
301 1044 369 1091 ratus,
380 1038 423 1085 alia
432 1038 568 1102 interpositi*
572 1040 676 1102 pactione
686 1042 809 1103 bomponit,

143 1102 187 1150 alia
197 1102 292 1156 redimit,
313 1100 424 1149 facillimis
434 1105 558 1165 quibusque
568 1106 692 1167 aggressis,v
714 1121 808 1167 quorum

143 1164 238 1214 victorii
248 1173 271 1214 et
281 1166 378 1214 militum
388 1168 488 1231 trepidos
500 1169 588 1216 animm
597 1168 703 1224 firmaret,
718 1178 742 1217 et
752 1178 809 1218 con*

143 1239 239 1280 temtum
261 1232 303 1279 sibi
323 1232 423 1279 hostium
442 1233 562 1284 demeret,
580 1232 683 1281 Primum
702 1235 734 1281 illi
756 1250 808 1282 curn

141 1296 318 1344 Atheniensibus
340 1303 453 1344 certamen
471 1297 529 1345 fuit:
556 1299 635 1360 quibus
656 1314 696 1361 per
717 1300 809 1347 insidias

141 1361 215 1417 y(ictis,
233 1369 296 1410 metu
311 1362 363 1408 belli
381 1363 498 1423 gravioris,
516 1378 568 1410 cum
584 1362 711 1410 interlicere
728 1379 807 1416 omnes

141 1431 225 1489 posset,
244 1427 367 1474 incolumes
389 1427 437 1473 sine
457 1428 529 1489 pretio
548 1429 638 1475 dimisit.
671 1427 729 1476 Post
750 1431 807 1484 haee,

140 1492 201 1539 bello
225 1492 250 1538 in
270 1490 362 1553 Illyrios
383 1491 497 1547 translato,
522 1492 594 1540 multa
614 1493 685 1539 millia
706 1495 805 1546 hostium

142 1556 223 1603 caedit:
243 1555 320 1603 urbem
336 1556 496 1604 nobilissimam
511 1556 626 1604 Larissam
642 1557 709 1619 capit.
741 1558 806 1605 Hine

141 1618 289 1676 Thessaliam,
308 1636 354 1668 non
368 1622 451 1683 praedae
465 1622 592 1683 cupiditate,
608 1623 648 1669 sed
662 1623 723 1683 quod
739 1637 806 1672 exer·

141 1685 196 1734 citui
219 1700 260 1731 suo
285 1687 352 1732 robur
375 1685 535 1734 Thessalorum
559 1687 660 1747 equiturn
682 1687 806 1750 adjungere

140 1749 257 1812 gestiebat,
274 1750 329 1796 nihil
339 1751 414 1798 minus
424 1766 491 1812 quam
501 1751 584 1798 bellum
599 1757 746 1808 metuentem,
762 1753 806 1798 im-

140 1812 244 1876 provisus
255 1821 382 1876 expugnat:
402 1829 517 1877 unumque
534 1830 614 1877 eorpus
625 1816 726 1876 equitum
736 1816 805 1877 petle-

141 1878 267 1937 striumque
282 1880 395 1941 copiarum
409 1879 488 1928 invicti
499 1880 612 1928 exarchis
621 1878 682 1927 feeit.
716 1880 806 1935 Quibus

141 1943 207 1991 rebus
220 1941 314 1989 feliciter
324 1943 514 2004 provenientibus,
525 1942 666 2006 Olympiada,
677 1943 805 2007 Neoptole-

140 2008 175 2056 mi
183 2008 244 2071 regis
254 2006 409 2054 Molossorum
419 2006 495 2064 liliam,
511 2024 605 2056 uxorem
615 2009 694 2067 ducit3
710 2010 806 2057 concili·

137 2078 194 2121 ante
204 2072 292 2134 nuptias
301 2072 370 2119 fratre
379 2074 488 2136 patruele,
506 2073 576 2120 altore
586 2073 688 2135 virginis,
707 2071 805 2136 Anybh,

139 2151 195 2201 rege
211 2137 373 2192 Molossorum,
388 2137 428 2199 qui
444 2153 544 2186 sororem
563 2136 703 2199 Olympiadis
714 2137 806 2186 Troada

137 2202 317 2254 inmstrimonio
327 2203 434 2250 habebats
454 2218 506 2263 quae
524 2216 592 2249 nausa
601 2202 633 2250 illi
644 2203 714 2257 exitii,
731 2203 805 2251 malo-

138 2280 234 2327 rumque
250 2268 351 2314 omnium
364 2267 453 2314 initium
466 2266 516 2315 ms
546 2265 617 2323 Nam,
627 2267 681 2315 dum
692 2268 759 2330 regni
768 2267 806 2313 in·

139 2339 260 2378 crementa·
271 2331 379 2382 affinitate
397 2330 495 2394 Philippi
511 2331 672 2393 aoqm'sitnnrm
686 2346 712 2379 se
722 2338 805 2395 spem,

86 2404 92 2412 '
137 2395 228 2505 pipprio
239 2410 310 2457 regno
318 2396 345 2443 sb
352 2396 431 2444 eodem
441 2397 547 2458 privatus,
556 2397 581 2442 in
587 2396 667 2454 exsilio
677 2396 805 2444 oonsenuit.

169 2458 188 2504 's
198 2451 231 2506 ita
240 2460 317 2520 gestis,
336 2460 453 2523 Philippus
463 2462 512 2524 J‘am
524 2476 570 2507 non
580 2468 701 2508 contentus
711 2462 805 2515 submo-

138 2536 193 2569 vere
202 2522 266 2578 bella,
277 2524 337 2569 ultro
347 2525 415 2571 etiam
422 2525 510 2587 quietos
518 2524 616 2572 hcmsit
639 2522 699 2573 Cum
708 2524 805 2576 Mene
899 2561 900 2571 ,

139 2599 192 2636 nam
203 2588 280 2635 urbem
291 2595 437 2656 oppugnaret,
454 2590 478 2637 in
496 2596 668 2652 praetereuntem
687 2587 717 2637 de
732 2588 806 2638 muris
850 2623 852 2625 -
