1800 2942
227 165 364 217 rnsrmr
380 163 529 216 nnxnu.
547 126 642 217 cler.
717 169 766 215 sor

6 253 13 294 i
97 303 220 359 receperat,
232 304 256 344 et
267 297 347 344 Medio
357 291 469 359 privigno,
481 298 598 360 ahAEgeo,
606 312 662 360 rege
669 295 767 343 Atheni·
806 313 811 320 ⁴

2 381 12 431 ς·
98 363 194 416 ensium,
204 363 290 424 genito,
300 360 398 411 Colchos
407 364 517 423 repetivit,
526 361 768 423 soeemmqueAEetam

3 437 7 444 ·
98 440 174 488 regno
182 428 271 489 pulsnm
283 427 388 473 restituit
469 448 475 460 ·

135 489 183 537 111.
200 491 289 553 Magna
310 492 390 538 deinde
411 491 470 538 bella
490 506 541 538 curn
561 490 661 538 finitimis
680 491 767 552 gessit3

2 547 7 558 ⁸
99 562 224 617 captasque
238 558 340 603 civitates
351 558 431 618 partim
445 571 518 618 reguo
534 557 611 611 soceri,
630 556 658 602 ad
675 556 766 602 abolen-

5 641 9 684 j
100 621 153 668 dam
168 622 288 682 superioris
304 622 389 667 militiae
399 622 511 683 injuriam,
529 619 574 680 quai
589 628 612 666 et
630 620 698 666 filiam
717 621 766 683 ejus

2 723 11 749 ,l
100 684 209 731 Medeam
222 686 350 741 abduxerat,
363 685 468 732 etlilium
481 683 634 750 [AEgealium]
646 683 765 731 interfece-

6 795 11 813 β
99 756 143 803 rat,
155 750 256 812 adiunxit
262 768 270 807 ;
282 752 362 813 partim
372 750 468 813 populis,
481 766 537 811 quos
548 765 624 797 secum
635 750 766 803 adduxerat,

102 813 242 875 assignavit:
261 816 392 876 primusque
408 817 557 862 humanorum
572 823 624 877 port
642 813 767 861 Herculem

2 895 7 944 ss
102 887 127 926 et
138 876 252 935 Liberum,
261 881 299 940 qui
311 895 376 942 reges
387 878 489 928 Orientis
499 881 569 927 luisse
579 880 705 936 traduntur,
716 892 766 925 eam

2 981 8 1004 ,
101 942 155 989 coeli
170 944 260 1007 plagam
277 945 390 991 domnisse
406 945 494 991 dicitur.
528 945 621 1007 Populis
635 943 766 1005 quibusdam

2 1007 6 1028 ²
100 1007 189 1055 Recam
200 1017 224 1056 et
234 1010 423 1071 Amphistratum,
435 1011 525 1072 aurigas
537 1008 639 1057 Castoris
650 1016 673 1056 et
684 1007 765 1056 Pollu·

2 1116 4 1126 ,
101 1073 143 1135 cis,
154 1074 222 1120 duces
232 1074 362 1137 assignarit.
390 1071 448 1122 Cum
459 1073 768 1135 Albanisioeduspercussit3

2 1135 4 1143 ⁸
100 1139 141 1198 qui
152 1136 276 1186 Herculem
287 1149 320 1186 ex
329 1137 395 1185 Italiri
405 1139 433 1184 ab
444 1139 533 1184 Albano
544 1146 629 1192 monte,
642 1153 701 1193 cum,
716 1139 768 1185 Ge·

2 1251 5 1268 ·.
103 1218 176 1264 ryone
191 1205 310 1258 exstincto,
326 1210 427 1250 armenta
443 1204 492 1266 ejus
509 1218 549 1265 per
564 1200 653 1248 Italiam
667 1202 767 1255 duceret,-

103 1269 174 1315 secuti
191 1269 295 1315 dicuntur
300 1285 309 1326 ;
327 1270 417 1328 quique,
433 1282 545 1314 memores
561 1265 647 1313 Italicae
663 1267 767 1328 originis,

102 1334 227 1379 exercitum
249 1331 294 1382 Cn.
311 1332 368 1379 Pom
398 1332 490 1379 libello
511 1331 667 1379 Mithridatico
687 1330 770 1378 fratres

2 1435 5 1458 2
56 1406 58 1409 ’
103 1396 237 1445 salutavere.
271 1397 351 1459 ltaque
384 1399 446 1444 asoni
466 1392 528 1444 totu's
543 1396 618 1443 ferme
632 1395 722 1448 Oriens,
742 1402 769 1443 ut

103 1462 221 1517 conditori,
233 1463 320 1510 divinos
328 1463 425 1510 honores
433 1464 560 1525 templaque
567 1462 699 1518 constituit5
716 1475 770 1522 quae

104 1526 232 1583 Parmenio,
244 1528 290 1575 dux
302 1527 426 1574 Alexandri
437 1526 529 1589 Magni,
540 1534 592 1589 post
601 1526 686 1574 multos
697 1540 769 1572 annos

104 1592 163 1638 dirui
174 1593 249 1653 jussit,
267 1608 296 1638 ne
312 1594 442 1653 cujusquam
458 1606 543 1638 nomen
559 1592 582 1637 in
593 1590 688 1638 Oriente
698 1605 767 1637 vene·

103 1656 194 1703 rabilius
202 1672 268 1719 quam
277 1657 400 1703 Alexandri
408 1665 476 1703 esset
504 1655 561 1702 Post
566 1663 662 1702 mortem
671 1653 768 1710 Iasonis,

104 1720 206 1779 Medius,
226 1723 322 1768 aemulns
338 1722 427 1767 virtutis
444 1723 500 1783 ejus,
517 1722 541 1767 in
558 1721 666 1768 honorem
681 1720 767 1775 matris,

104 1785 213 1833 Medeam
224 1787 300 1832 urbem
309 1786 423 1841 condidit;
440 1800 580 1848 regnumque
587 1800 616 1831 ex
625 1786 716 1832 nomine
725 1800 767 1831 suo

103 1850 228 1898 Medorum
245 1851 367 1903 constituit,
388 1851 428 1897 sub
447 1852 513 1912 cujus
531 1852 647 1912 maJestste
665 1849 768 1897 Orientis

103 1922 184 1978 postea
201 1917 318 1977 imperium
335 1915 385 1961 suit
418 1915 513 1961 Albanis
534 1916 615 1962 ricinae
633 1916 767 1961 Amazones

104 1987 173 2028 sunt:
203 1996 297 2040 quarum
328 1981 430 2042 reginam
458 1979 595 2026 Thalestrim
624 1978 767 2026 concubitum

104 2045 229 2092 Alexandri
246 2042 336 2106 petisse,
355 2045 420 2091 multi
440 2053 543 2092 auctores
561 2041 685 2106 prodidere.
718 2043 766 2088 Ar·

102 2111 196 2158 menius
203 2125 291 2170 quoque
305 2111 340 2173 (et
354 2110 401 2171 ipse
412 2106 554 2168 Tbessalus),
565 2123 623 2154 unus
634 2108 662 2154 de
672 2121 767 2153 numero

103 2176 188 2222 ducum
202 2172 295 2228 Iasonis,
314 2172 432 2221 recollecti
443 2173 593 2225 multitudine,
609 2187 666 2232 quae,
684 2171 767 2217 amisso

103 2238 188 2287 Iasone
198 2254 258 2301 rege,
269 2240 351 2301 passim
363 2240 492 2301 vagabatur,
509 2237 639 2284 Armeniam
651 2236 765 2283 condidit:

102 2320 117 2352 a
128 2305 193 2366 cujus
203 2305 314 2350 montibus
325 2303 403 2365 ‘lignis
413 2302 496 2350 fluvius
507 2303 601 2348 modieis
611 2303 683 2363 primo
693 2301 767 2347 incre·

102 2369 188 2416 mentis
198 2370 309 2415 nascitur:
328 2369 446 2431 interjecto
463 2368 542 2414 deinde
556 2368 669 2426 aliquanto
685 2366 765 2427 spatio,

102 2434 146 2481 sub
156 2435 360 2495 terrasmergitur3
377 2440 444 2493 atque
460 2434 498 2485 ita,
515 2440 566 2494 post
581 2434 678 2492 quinque
695 2438 719 2476 et
732 2430 767 2475 vi·

103 2499 164 2561 giuti
174 2498 244 2545 millia
253 2512 366 2559 passuum,
383 2496 470 2559 grande
475 2498 523 2558 jam
535 2496 620 2543 flumen
634 2497 657 2541 in
674 2495 767 2556 regione

104 2563 211 2625 Sophene
226 2564 335 2625 emergit;
353 2577 379 2608 ac
390 2562 423 2608 sic
437 2563 460 2607 in
472 2562 564 2623 paludes
574 2561 697 2624 Euphratis
708 2559 766 2606 reci·

118 2628 172 2673 itur.

100 2643 117 2736 ,Ρ
136 2689 182 2738 lv.
198 2687 271 2754 Igitur
282 2691 428 2740 Mithridates
441 2705 482 2739 rex
493 2689 634 2747 Parthorum,
650 2696 701 2753 post
717 2689 763 2737 hel·
