1800 2942
234 197 503 254 warlus-Lauri.
519 202 580 256 cla.
591 207 626 251 a:
711 208 760 251 228

90 335 232 384 contuleratr
257 337 341 398 vixque
360 335 476 383 revocanti
495 334 613 396 mitigatus
638 340 673 380 est
693 335 759 396 patri,

88 401 238 464 precibusque
265 409 413 463 cognatorum
441 415 504 461 segre
530 400 603 446 redire
626 399 762 461 compulsus.

90 466 213 528 Olympias
229 481 317 527 quoque
333 466 425 513 fratrem
445 480 510 512 suum
523 464 684 517 Alexandrum,
696 463 761 525 Epiri

90 546 177 593 regem,
189 532 213 577 in
224 531 307 578 bellum
316 532 463 587 subornabat3
479 529 661 591 pervicissetque,
673 528 697 574 ni
708 528 761 576 tiliae

88 596 175 658 nuptiis
184 602 248 658 pater
258 612 367 659 generum
383 594 522 657 occupisset.
553 594 600 640 His
611 594 707 641 stimulis
717 595 763 640 ira-

90 676 142 708 rum
154 662 249 721 'utrique
272 660 412 714 Pausaniam,
432 661 464 706 de
482 660 615 721 impunitate
633 659 704 720 stupri
726 658 761 705 sui

90 732 229 787 querentem,
249 727 277 773 ad
293 732 381 773 tantum
399 725 487 772 lacinus
503 725 619 786 impulisse
634 724 764 772 creduntur.

91 790 213 852 Olympias
231 799 292 838 certe
313 791 410 854 fugienti
431 790 558 852 percussori
580 804 650 850 equos
671 803 761 850 quoque

89 863 229 917 praeparatos
243 857 326 903 babuit
359 854 414 918 Ipsa
430 856 517 908 dende,
535 852 610 901 auditi
625 855 761 915 regienses,

90 935 143 967 cum
152 920 225 967 ¹titulo
242 921 308 968 officii
319 921 348 968 ad
363 921 481 982 exsequias
496 920 638 973 cucurrisset,
654 920 677 965 in
694 933 762 968 cruce

89 986 210 1048 pendentis
228 985 349 1033 Pausaniae
366 986 439 1048 capiti,
458 983 537 1032 eidem
548 991 616 1031 nocte
632 982 677 1044 qud
691 984 762 1041 venit,

91 1065 199 1097 mannam
211 1065 301 1105 auream
311 1052 431 1113 imposuit:
450 1050 512 1111 quod
522 1064 589 1096 nemo
600 1049 656 1096 alius
672 1048 761 1104 audere,

90 1115 136 1162 nisi
146 1115 203 1170 lraec,
215 1116 334 1177 superstite
346 1115 443 1177 Philippi
453 1114 507 1169 tilio,
523 1115 640 1176 potuisset.
671 1113 762 1161 Paucos

90 1180 240 1243 deindepost
257 1181 305 1228 dies
323 1180 417 1228 refixum
433 1194 515 1240 corpus
529 1178 679 1225 interfectoris
695 1194 762 1241 super

90 1244 196 1305 reliquias
207 1245 406 1298 mariti'cremavit,
418 1251 442 1290 et
458 1243 569 1289 tumulum
580 1244 600 1289 ei
612 1244 691 1289 eodem
707 1242 762 1291 fecit

89 1309 184 1362 inloco,
195 1312 351 1372 parentarique
362 1309 433 1357 eidem
441 1309 568 1370 quotannis,
578 1306 668 1354 incussi
678 1309 761 1370 populo

89 1375 256 1437 superstitione,
268 1376 361 1424 curant.
394 1372 453 1421 Post
463 1375 513 1420 haec
529 1371 681 1434 Cleopatram,
693 1370 762 1433 aqui

89 1440 156 1501 pulsa
175 1438 273 1502 Philippi
291 1441 433 1487 matrimonio
450 1438 533 1496 suerat,
551 1439 586 1500 (in
608 1437 695 1500 gremio
712 1439 761 1499 ejus

89 1504 153 1566 prius
163 1502 209 1550 filit
225 1503 353 1566 interfecti)
371 1503 435 1552 linire
450 1504 521 1551 vitam
537 1502 656 1565 suspendio
667 1501 760 1564 coiigit3

89 1570 263 1631 macidosque
281 1571 405 1632 pendentis,
422 1569 507 1616 ultione
517 1569 589 1629 potita
599 1574 640 1622 est,
653 1568 759 1628 adquam

88 1648 131 1697 per
151 1635 295 1696 parricidium
316 1635 468 1684 festinaverat.
499 1632 630 1680 Novissime
650 1632 759 1695 gladium,

90 1713 137 1760 quo
148 1714 189 1746 rex
204 1715 324 1762 percussus
340 1707 381 1755 est,
399 1699 508 1761 Apollini,
524 1699 565 1745 sub
583 1698 674 1744 nomine
690 1697 759 1759 Myr-

90 1764 155 1818 tales,
164 1765 328 1813 'consecraritz
347 1766 390 1811 hoe
401 1765 461 1811 enirn
468 1779 556 1811 nomen
567 1770 619 1810 ante
630 1762 760 1826 Olympiadi

89 1830 193 1891 parvulae
208 1829 258 1877 fuit,
291 1830 354 1884 Qua
367 1830 443 1876 omnia
453 1830 486 1875 ita
495 1828 568 1891 palam
582 1828 642 1876 facta
658 1836 716 1883 sunt,
734 1834 760 1874 ut

88 1894 193 1940 timuisse
211 1895 318 1951 videatur,
334 1910 365 1943 ne
374 1894 461 1942 lacinus
472 1896 499 1941 ab
515 1892 542 1942 ei
557 1895 702 1941 commissum
714 1907 760 1939 non

87 1959 229 2021 probaretur.

123 2021 198 2070 Vlll.
214 2023 329 2072 Decessit*
338 2024 456 2087 Philippus
474 2024 621 2087 quadraginta
636 2028 660 2069 et
671 2027 758 2083 septem
772 2040 775 2043 ⁴

52 2087 57 2098 ⁵
87 2102 208 2143 annorum,
226 2103 277 2136 cum
297 2091 459 2151 annisviginti
478 2098 501 2136 et
520 2090 618 2151 quinque
635 2084 761 2147 regnisset.

89 2154 179 2201 Gennit
196 2169 226 2200 ax
242 2153 355 2202 larissaei
370 2155 483 2202 saltatrice
498 2153 568 2211 filium
585 2151 708 2205 Aridaeum,
720 2152 760 2211 qui

86 2225 142 2281 post
161 2218 316 2265 Alexandrum
334 2221 444 2282 regnavit.
478 2218 599 2264 Habuitet
610 2216 759 2263 aliosmultos

87 2296 118 2329 ex
125 2284 193 2330 variis
203 2285 351 2331 matrimoniis
358 2286 421 2347 regio
429 2298 493 2330 more
501 2290 624 2343 susceptos,
631 2281 669 2340 qui
677 2281 759 2342 partim

83 2347 143 2403 fato,
155 2349 236 2409 partim
246 2347 306 2396 ferro
317 2348 409 2411 peridre.
441 2347 496 2395 Fuit
511 2361 552 2393 rex
567 2361 680 2393 armmum
691 2361 759 2407 quam

87 2413 245 2459 conviviorum
252 2416 391 2476 apparatibus
403 2413 523 2460 studiosior
529 2430 536 2470 3
547 2411 696 2458 cuimaximae
704 2426 759 2473 opes

85 2478 310 2526 erantinstrumenta
316 2479 437 2526 bellorum:
458 2478 585 2524 divitiarum
593 2483 681 2536 quaestu
691 2489 758 2536 quam

85 2541 191 2590 curant
201 2544 319 2591 sollertior.
350 2542 432 2604 Itaque
447 2542 507 2589 inter
522 2542 661 2604 quotidianas
671 2540 758 2601 rapinas

86 2622 178 2669 semper
193 2608 259 2670 inops
275 2615 330 2656 erat.
362 2607 521 2656 Misericordia
538 2609 562 2653 in
581 2622 608 2653 eo
625 2612 649 2652 et
666 2601 758 2664 perfidia

85 2673 136 2735 pari
142 2673 197 2733 jure
207 2673 304 2721 dilectae.
335 2671 407 2721 Nulla
417 2673 476 2735 apud
493 2686 545 2719 eum
556 2671 627 2732 turpis
638 2669 695 2714 ratio
705 2668 757 2712 vin-

84 2737 160 2788 cendi.
199 2735 302 2789 Blandus
318 2737 401 2803 pariter
416 2744 440 2787 et
455 2736 575 2792 insidiosus
590 2732 701 2794 alloqui&
718 2731 757 2792 (1¹¹5
