1800 2942
207 198 346 249 JUSTINI
361 199 529 251 maxum„
545 199 639 253 Cum.
708 209 757 254 317

87 331 137 380 sins
148 344 164 378 a
174 327 252 378 Sicilid
262 330 386 389 deducam
403 347 433 379 ue
443 338 483 379 aut
493 331 525 379 illi
543 347 589 380 non
598 329 645 379 lact
655 348 704 395 ope,
721 341 760 381 aut

88 398 115 444 ui
130 396 223 449 deuerti.
237 396 400 444 amitterentur.
432 395 462 444 In
480 399 523 444 hoc
538 405 596 446 aestu
611 398 760 458 periculorum

88 460 217 509 tutissimus
228 468 306 522 portus
316 463 460 509 consiliorum
472 463 534 508 visus
542 471 583 516 est,
591 463 695 510 omnibns
705 463 760 510 riri·

71 546 77 553 ·
88 528 133 574 bus
145 525 265 573 decernere
272 527 296 573 in
304 525 396 585 sienim
413 535 443 583 et,
452 526 577 589 profligatis
586 526 760 589 Carthaginien·

89 593 160 644 sibus,
182 591 292 638 victorem
311 593 435 639 exercitum
454 601 600 653 transponere
619 593 642 638 in
665 589 776 640 Italiam'

89 655 175 717 Itaque
193 665 297 704 conserto
313 658 401 718 proelio,
421 673 473 704 omn
490 658 590 720 superior
605 656 691 713 fuisset,
703 672 761 718 quoe

90 722 154 770 niam
164 726 240 768 tamen
256 720 359 769 astruit
376 723 453 779 abiret,
473 738 514 785 pro
529 723 590 769 uicto
609 722 689 785 fugere
699 723 762 770 visus

89 793 143 833 est:
162 800 189 831 ac
208 795 325 848 propterea
340 788 394 834 socii
411 789 438 834 ab
449 803 477 834 eo
488 786 630 845 defecerunt3
649 794 672 834 et
689 788 761 849 impe-

90 851 152 896 rium
164 850 248 897 Siciliae
259 859 306 898 tam
317 853 362 898 cito
378 853 460 906 amisit,
472 868 539 914 quarn
553 851 619 899 facile
634 848 761 913 quaesierai.

93 915 142 961 Sed
152 930 195 962 nec
206 916 230 961 in
241 913 309 964 Italia
326 917 419 964 meliore
433 917 541 965 felicitate
552 933 614 975 usus,
630 918 653 964 in
665 916 762 980 Epirum

89 980 219 1027 revertitur.
252 981 396 1029 Admirabilis
406 983 520 1043 utriusque
532 983 564 1028 rel
574 997 639 1029 casus
650 983 673 1029 in
684 997 762 1030 exem·

90 1044 157 1108 pium
167 1044 217 1092 fuit
249 1044 318 1102 Nam,
338 1047 397 1110 sicut
415 1055 467 1093 ante
479 1046 577 1093 secunda
586 1046 684 1102 fortuna,
695 1048 762 1095 rebus

92 1125 163 1172 supra
173 1117 227 1156 vota
236 1109 363 1167 liuentibus,
375 1109 449 1158 Italiae
466 1110 593 1171 Siciliaeque
602 1112 727 1174 imperium,
739 1120 763 1160 ct

91 1182 129 1222 tot
140 1175 169 1220 de
187 1173 298 1222 Romanis
312 1177 418 1222 victorias
429 1175 582 1231 adstruxerat;
599 1176 631 1220 ita
644 1191 704 1222 nunc
721 1178 761 1224 ad-

90 1254 168 1293 versa,
183 1240 258 1302 (velut
275 1241 299 1286 in
317 1240 492 1287 ostentationem
507 1238 636 1300 fragilitatis
646 1240 762 1303 humanae)

92 1305 213 1352 destruens
223 1321 275 1366 quae
286 1306 443 1359 cumulaverat,
463 1305 573 1352 Siciliensi
585 1304 656 1351 ruiuae
673 1304 762 1353 naufra-

91 1370 159 1432 gium
170 1370 245 1433 maris,
257 1377 280 1417 et
295 1370 379 1417 foedam
397 1371 503 1417 adversus
520 1368 637 1416 Romanos
654 1384 763 1431 pugnarn,

90 1441 228 1495 turpemque
238 1436 266 1482 ab
276 1433 342 1481 Italia
353 1435 475 1482 discessum
483 1433 570 1496 adjecit.

126 1497 172 1545 IV.
190 1498 248 1546 Post
263 1500 424 1562 profectionem
443 1515 457 1546 a
475 1497 551 1546 sicilie
568 1498 661 1559 Pyrrhi,
689 1514 764 1562 magr·

93 1570 180 1613 stratus
187 1562 261 1611 Hiero
272 1573 374 1622 creatum
391 1566 455 1626 cujus
466 1571 529 1611 tante
537 1565 660 1610 moderatio
670 1562 719 1620 suit,
732 1572 763 1621 ut,

93 1629 252 1676 consentiente
262 1631 362 1676 omnium
370 1630 495 1676 civitatium
505 1628 590 1684 favore,
603 1629 649 1675 dux
657 1628 764 1678 adversus

94 1692 296 1756 Carthaginienses
304 1696 406 1756 primum,
418 1709 473 1741 mox
484 1709 530 1749 rex,
542 1701 662 1759 crearetur.
686 1693 765 1759 Hujus

92 1758 178 1806 futurae
193 1760 315 1823 majestatis
333 1759 382 1821 ipsa
400 1759 493 1806 infantis
510 1759 611 1806 educatio
628 1759 692 1821 quasi
706 1775 765 1824 pree·

93 1824 177 1871 nuntia
186 1821 244 1870 fuit:
263 1825 345 1886 quippe
355 1825 446 1886 genitus
457 1833 505 1871 erat
515 1832 578 1886 patre
593 1823 710 1883 Hierocle,
722 1841 764 1874 uo-

93 1889 135 1936 bili
146 1888 203 1941 viro,
216 1890 280 1952 cujus
290 1889 354 1952 origo
362 1904 376 1936 a
385 1889 481 1944 Gelonis,
493 1890 585 1952 antiquo
594 1890 677 1938 Siciliae
684 1897 763 1951 tyran·

95 1969 135 2008 no,
146 1953 263 2001 manabat:
282 1954 322 2001 scd
332 1961 459 2009 maternum
470 1955 502 2001 illi
513 1970 586 2017 genus
597 1955 719 2009 sordidum,
730 1961 764 2002 at·

95 2033 142 2080 que
157 2018 214 2065 adeo
224 2018 352 2081 pudendum
370 2019 426 2066 suit:
446 2034 498 2067 nam
510 2035 539 2066 ex
549 2017 631 2067 ancilli
648 2026 722 2077 natus,
738 2033 765 2067 ac

94 2088 216 2146 propterea
226 2098 240 2130 a
250 2092 320 2146 patre,
339 2084 403 2132 velut
418 2084 642 2132 dehonestamentum
664 2084 764 2144 generis,

95 2148 214 2210 expositus
231 2147 312 2196 fuerat.
345 2149 391 2196 Sed
409 2149 534 2215 parvulum,
552 2156 576 2194 et
591 2149 697 2194 humanae
715 2148 765 2210 opis

94 2224 209 2275 egentem,
226 2228 286 2275 apes.
300 2222 409 2277 congesto
417 2215 597 2277 circaJ'acentem
605 2212 677 2267 melle,
689 2213 767 2261 multis

95 2278 175 2331 diebus
186 2275 269 2324 aluere.
300 2278 337 2326 Ob
352 2294 419 2341 quam
435 2293 483 2325 rem
498 2293 605 2340 responso
623 2279 765 2340 haruspicum

96 2342 225 2390 admonitus
236 2350 304 2406 pater,
323 2345 362 2405 qui
373 2358 469 2405 regnum
485 2342 566 2390 intanti
576 2343 679 2405 portendi
697 2358 765 2391 cane·

95 2408 159 2463 bant,
176 2408 294 2468 parvulum
312 2408 432 2470 recolligit,
448 2408 554 2469 omnique
572 2408 646 2455 studio
663 2408 691 2455 ad
702 2423 766 2470 spem

95 2472 227 2535 majestatis,
244 2489 296 2535 quae
313 2474 490 2536 promittebatur,
505 2473 609 2520 instituit.
641 2472 723 2521 Eidem
741 2473 765 2519 in

96 2537 153 2585 ludo
162 2537 223 2584 inter
232 2540 359 2600 coaequaies
368 2539 463 2585 discenti
474 2539 540 2600 lupus
550 2538 654 2592 tabulam,
666 2539 690 2583 in
701 2534 766 2584 turbd

95 2616 218 2666 puerorum
229 2613 321 2666 repente
336 2609 477 2665 conspectus,
496 2603 585 2666 eripuit,
617 2601 765 2650 Adolescenti

97 2681 188 2729 quoque
202 2668 276 2730 prima
293 2669 351 2716 bella
360 2669 447 2716 ineunti
458 2668 532 2730 aquila
541 2669 565 2716 in
581 2669 669 2728 clypeo,
682 2671 766 2712 noctua

95 2733 120 2780 in
131 2729 198 2782 hesel
208 2733 322 2785 consedit:
341 2733 402 2798 quod
409 2739 556 2845 οιῐειὲῐιιῐηὸεῐ
563 2731 657 2782 consilio
665 2737 762 2788 cautum,

488 2812 504 2844 ι
