1800 2942
69 192 129 246 Car.
139 188 181 244 49‘.
304 191 505 247 JUGURTHA.
658 208 661 215 ’
708 194 740 246 ¹17

68 323 148 373 Medis
158 331 236 372 autern
251 324 355 387 planities
372 324 467 380 deserta,
485 321 581 387 penurid
592 337 663 386 sque,
678 336 739 386 pre·

66 399 100 437 ter
109 391 200 438 flumini
209 391 335 453 propinqua
344 390 410 437 loca:
429 406 464 444 ea,
480 392 568 438 consita
582 389 685 445 arbustis,
696 405 737 457 pe·

17 460 18 487 ³
68 463 199 516 curentque
209 455 333 502 cultoribns
342 455 547 516 frequentabantur.

17 526 18 529 ’
96 519 195 568 XLIX.
212 518 318 582 Igiturin
330 520 430 575 eocoile,
441 536 509 581 quern
516 519 737 569 transvorsoitincre

66 593 194 648 porrectum
218 585 341 640 docuimus,
358 584 481 648 iugurtha,
502 583 624 632 extenuati
642 596 736 633 suorum

66 651 118 707 scie,
137 650 255 699 consedit:
274 650 399 712 elephantis
414 657 438 696 et
448 651 506 712 parti
522 651 636 713 copiarum
653 650 736 712 psaes-

66 717 131 764 trium
155 714 309 764 Bomilcarem
330 713 438 778 prefecit,
458 728 554 777 eumque
575 716 662 770 edocet,
683 730 736 777 quie

65 787 142 844 ageret
148 799 157 839 3
174 782 225 844 ipse
234 779 326 844 propior
332 787 434 831 montem
445 796 498 827 cum
509 779 572 828 omni
585 781 685 841 equitatu
693 794 735 842 pe·

17 888 19 903 ,
65 846 120 894 dies
134 847 238 893 delectos
253 845 363 892 coiiooat:
383 846 435 892 dein
449 845 552 909 singulas
565 853 652 892 turmas
666 851 736 906 atque

65 912 190 975 manipulos
208 910 343 958 circunniens
364 917 443 958 monet
461 918 529 972 atque
542 912 674 964 obtentum,
692 908 734 966 uti,

64 988 174 1025 memores
180 975 284 1040 pristinae
294 976 384 1022 virtutis
394 983 417 1023 et
427 977 535 1032 victorias,
544 991 613 1038 seque
623 990 734 1039 regnum·

65 1055 106 1102 que
116 1057 184 1089 suum
201 1042 230 1088 ab
241 1040 398 1088 Romanorum
416 1040 511 1090 avaritid
527 1040 660 1088 defendant:
680 1054 734 1105 cuns

65 1107 97 1153 iris
106 1114 224 1155 certamen
235 1105 292 1164 fore,
299 1121 356 1167 quos
366 1114 433 1154 antea
439 1108 512 1154 uictos
523 1108 653 1169 subjugum
664 1106 735 1153 mise·

64 1172 119 1219 rint:
138 1173 223 1220 ducem
239 1171 291 1226 iilis,
310 1186 357 1218 non
373 1173 481 1227 animum,
496 1179 625 1219 mutatum:
642 1185 694 1233 quae
705 1171 734 1217 ab

64 1236 198 1299 imperatore
217 1236 341 1292 decuerint,
364 1238 440 1284 omnia
462 1237 508 1283 suis
524 1237 633 1312 'provisu
655 1236 732 1282 locum

64 1303 208 1364 superiorem,
217 1303 250 1348 uti
263 1301 384 1363 prudentes
391 1314 442 1349 cum
450 1298 567 1363 impensis,
577 1316 606 1347 ne
616 1300 734 1363 pauciores

64 1380 111 1414 tum
122 1368 232 1430 pluribus,
238 1373 278 1414 aut
288 1366 355 1413 rudes
364 1382 415 1414 curn
422 1367 482 1414 beiio
492 1366 628 1419 melioribus,
640 1380 733 1428 manum

64 1439 221 1481 consererent:
242 1432 336 1495 proinde
345 1433 417 1494 parati
434 1432 561 1492 intentique
571 1437 654 1486 essent,
665 1430 732 1491 signo

63 1495 118 1555 dato,
133 1496 256 1546 Romanam
269 1497 388 1544 invadere:
408 1496 472 1543 iilum
489 1498 549 1544 diem
566 1501 605 1542 aut
616 1495 690 1542 omnis
701 1495 734 1542 ia·

63 1561 124 1610 bores
142 1570 167 1610 et
181 1562 290 1609 uictorias
308 1561 498 1616 confirmaturum,
516 1569 555 1608 aut
576 1572 733 1608 maxumarum

64 1641 212 1675 erumnarum
222 1627 312 1673 initium
323 1622 380 1674 sore.
403 1627 450 1674 'Ad
459 1628 502 1674 hoo
511 1627 601 1682 viritim,
610 1626 643 1673 uti
652 1641 732 1688 quem·

63 1705 103 1752 que
114 1694 143 1740 ob
153 1693 251 1739 militare
261 1691 350 1739 facinus
357 1690 458 1755 pecunia
469 1700 509 1740 aut
516 1693 602 1739 honore
613 1693 732 1748 extulerat,

18 1814 19 1817 Ἴ
63 1757 257 1817 commonefacere
274 1757 384 1803 neneneii·
400 1758 440 1812 sui,
461 1764 484 1803 et
506 1772 559 1804 eum
581 1759 654 1819 ipsum
682 1758 733 1806 aliis

18 1852 19 1877 r
63 1828 189 1871 ottenwe:
208 1828 331 1884 postremo,
353 1838 395 1884 pro
417 1822 526 1885 cujusque
544 1824 643 1885 ingenio,
664 1823 734 1885 pom·

65 1887 141 1944 nendo,
151 1887 287 1942 minitando,
296 1887 436 1940 obtestando,
447 1888 516 1934 alium
532 1889 575 1934 alio
586 1888 654 1935 modo
669 1887 732 1934 exci-

18 1970 19 1977 ¹
63 1956 122 1999 iares
142 1952 293 2000 cuminterinr
306 1951 421 2005 Meteilus,
433 1953 526 2014 ignarus
536 1954 643 2007 hostium,
653 1958 734 2013 monte

144 2018 197 2065 ‘ens'
205 2021 258 2062 cirin
269 2017 369 2063 exercitu
381 2018 525 2080 conspicitur.
552 2017 630 2064 Primo
643 2014 732 2072 dubius,

63 2082 167 2141 quidnam
175 2080 346 2128 insolitai‘aoies
356 2083 486 2130 ostenderet
493 2083 558 2146 (nam
566 2085 626 2129 inter
632 2082 734 2145 virgulta

62 2148 111 2207 equi
123 2146 279 2207 Numidasque
295 2147 452 2204 consederant,
464 2163 538 2208 neque
547 2148 615 2210 piane
625 2148 733 2195 occultati

18 2222 19 2225 ’
62 2209 186 2259 bumilitate
196 2212 308 2267 arbonam,
319 2218 429 2260 ettamen
445 2213 532 2267 incerti,
543 2213 649 2273 quidnam
656 2220 732 2272 esset}

61 2288 110 2323 curn
125 2274 212 2324 naturb'
224 2275 277 2330 loci,
294 2285 342 2324 tum
353 2277 406 2325 doio
416 2279 459 2340 ipsi
470 2285 537 2338 atque
548 2278 615 2339 signa
628 2277 734 2328 militaria

62 2340 201 2404 obscumti);
224 2342 283 2396 dein,
305 2343 367 2388 brevi
390 2344 488 2406 cognitis
509 2343 601 2397 insidiis,
619 2344 733 2408 paulisper

18 2440 20 2465 ,
62 2417 142 2467 agmen
152 2406 263 2454 constitit
296 2404 331 2453 lbi
345 2409 490 2455 commutatis
500 2408 623 2465 ordinibus,
635 2409 658 2454 in
676 2410 732 2457 dex·

62 2476 110 2518 tero
124 2472 203 2527 latere,
221 2472 283 2533 qnod
299 2487 435 2533 proxumum
451 2474 523 2520 hostis
538 2480 593 2527 erat,
608 2473 733 2534 triplicibus

18 2542 19 2573 ἑ
63 2535 165 2584 subsidiis
175 2537 247 2584 aciem
258 2537 379 2594 instruxit3
396 2538 592 2599 intermanipulos
607 2536 733 2585 funditores

62 2606 86 2645 et
95 2602 223 2665 sagittarios
234 2602 349 2665 dispertit3
365 2603 490 2664 equitatum
498 2616 589 2649 omnem
597 2602 621 2647 in
628 2603 733 2649 cornibus

62 2662 137 2727 locst3
155 2682 181 2716 sc
192 2681 264 2733 pauca
273 2682 316 2732 pro
327 2676 429 2732 tempore
441 2667 524 2714 milites
536 2666 646 2722 hortatus,
653 2667 732 2722 adeor,

491 2745 512 2777 n
522 2734 539 2776 8
