1800 2942
70 135 160 188 Cani·
299 135 501 189 JUGURTHA.
699 138 732 184 46

68 269 160 327 mbas,
172 275 197 318 et
207 273 274 331 capto
285 267 399 332 Syphace,
413 270 478 333 cujus
495 268 518 314 in
534 263 614 314 africa
623 278 732 328 magnum

70 341 131 395 atque
140 335 186 382 late
196 334 315 398 imperium
335 335 412 390 valuit,
427 333 524 396 populus
535 331 653 379 Romanus
664 344 732 391 quas-

70 400 541 527 diffinitionum
551 395 734 524 iiim}

71 529 129 575 nobis
149 529 289 592 permansit:
308 530 395 592 imperii
415 530 513 589 ritaeque
534 528 582 589 ejus
600 526 652 572 finis
670 525 729 571 idem

71 590 115 640 fuit
146 593 211 641 Dein
231 593 331 657 Micipsa
348 594 409 641 iilius
427 608 524 655 regnum
547 592 610 638 solue
626 591 733 647 obtinuit,

72 655 221 706 Mastanabale
234 666 259 706 et
277 658 378 707 Grdussd
395 658 502 706 fratribus
521 658 600 704 morbo
615 655 733 703 absumtis.

72 718 256 771 Isddberbalem
266 731 290 770 et
301 722 458 787 Hiempsalem
474 738 504 770 ex
518 737 569 768 sese
578 721 672 784 genuit3
684 718 732 767 ·Ju·

72 789 223 850 gurthamque,
240 788 404 836 Mastanabalis
417 786 582 841 framentum,
598 800 665 847 quem
677 784 732 832 Ma·

72 853 151 910 daura,
167 854 229 915 quod
239 861 303 900 ortua
312 868 343 901 ex
353 851 478 900 concubinai
488 859 542 907 erat,
557 851 669 913 privatum
680 849 734 896 reli·
784 892 786 896 ,

72 926 151 1031 aetat,
172 918 253 965 eodem
272 917 342 975 cuitu,
359 933 404 979 quo
422 919 505 964 liberos
524 931 584 972 suos,
608 915 670 962 donn
692 916 733 961 ba·

99 982 122 1029 ,ι
726 999 732 1019 ,-

100 1045 142 1095 vl.
161 1048 209 1104 Qui
231 1048 268 1095 ubi
289 1049 387 1112 primum
408 1048 514 1102 adolevit,
535 1047 623 1109 poilens
640 1046 733 1101 viribus,

73 1110 148 1160 docnt
167 1113 234 1171 facie,
252 1114 291 1160 sed
312 1114 385 1161 multo
403 1127 510 1160 maxume
527 1113 620 1174 ingenio
638 1111 734 1166 validus,

72 1190 114 1224 nun
131 1194 156 1225 se
171 1179 228 1225 luxa
247 1193 321 1239 neque
340 1179 429 1226 inertiae
450 1177 639 1238 corrumpendum
658 1175 735 1232 dedit;

74 1243 115 1297 sed.
138 1244 171 1290 uti
192 1258 243 1291 mos
265 1245 340 1305 gentis
357 1244 417 1290 illius
438 1250 480 1297 est,
505 1244 611 1302 equitare,
630 1240 734 1303 jaordari,

73 1320 134 1355 eursu
144 1323 196 1356 eum
208 1309 330 1371 oequalibus
341 1316 441 1366 certure3
458 1315 488 1363 et,
507 1321 558 1353 cunr
578 1307 651 1352 omnis
661 1302 734 1368 glorid

73 1374 167 1430 anteiret,
183 1374 289 1421 omnibus
307 1383 383 1422 tamen
394 1387 534 1421 earuseme:
554 1371 582 1417 ad
600 1371 643 1416 boo
660 1371 734 1433 plera·

70 1450 112 1496 que
121 1445 223 1501 tempora
233 1439 257 1486 in
271 1440 375 1487 venando
393 1454 469 1501 agere,
487 1438 577 1484 leonem
595 1442 663 1496 atque
673 1436 735 1493 ‚alias

72 1499 126 1551 feras
146 1505 241 1567 primus,
258 1517 297 1551 aut
311 1506 335 1552 in
353 1505 438 1568 primia,
457 1502 538 1550 ferire:
562 1502 683 1564 plurimum
698 1499 733 1547 sa-

73 1580 125 1625 eere,
140 1570 267 1616 minumum
278 1570 327 1632 ipae
338 1570 367 1616 de
377 1585 402 1617 se
412 1568 481 1630 loqui.
507 1566 596 1622 Quibus
607 1568 673 1613 rebus
684 1564 733 1613 Mi·

74 1632 128 1694 cipsa
138 1636 229 1682 tametsi
239 1635 304 1682 initio
319 1635 387 1682 laetus
404 1633 486 1688 inerat,
502 1634 643 1679 existumans
662 1631 734 1678 virtu·

73 1701 114 1744 tem
132 1698 255 1762 iugurthae
266 1715 338 1763 regno
349 1715 391 1746 suo
401 1700 482 1761 gloriae
491 1698 541 1744 fore
547 1714 555 1754 ;
572 1705 655 1752 tamen,
669 1704 734 1759 post·

73 1775 133 1822 quam
155 1765 271 1812 bominem
293 1765 468 1818 adolescentem,
494 1760 576 1811 exacti
596 1760 637 1810 sui
658 1770 732 1819 anto

74 1830 142 1887 parvis
163 1830 248 1887 liberis,
265 1832 338 1892 magis
359 1830 478 1891 magisque
499 1843 601 1876 eresoere
618 1828 734 1889 intelligit,¹

74 1893 212 1942 mter
223 1896 317 1957 negotio
327 1901 449 1958 permotus,
466 1895 595 1941 multarum
606 1894 681 1941 animo
692 1907 735 1939 suo

73 1958 178 2007 volvebat,
210 1957 320 2007 Terrebat
330 1967 410 2008 natura
428 1960 564 2013 mortalium,
580 1958 646 2006 avida
661 1959 734 2019 irnpe-

73 2022 102 2077 ῐίἰ,
112 2032 135 2071 et
144 2038 247 2087 praeceps
257 2025 286 2072 ad
296 2025 429 2087 explendam
440 2025 510 2072 animi
520 2024 662 2086 cupidinem
674 2037 734 2085 pras·

73 2093 128 2136 terea
138 2090 294 2152 opportunitas
311 2105 403 2150 sumque
418 2099 442 2138 et
454 2090 575 2137 liberorum
585 2088 667 2143 aetatis,
683 2101 735 2148 quie

72 2153 134 2201 surm
144 2154 265 2201 mediocris
277 2155 339 2201 viros
354 2170 394 2217 spe
408 2155 492 2217 praedae
511 2163 653 2200 transvorsos
668 2154 730 2215 agit:

72 2217 97 2264 ad
106 2219 148 2267 boc
159 2219 234 2267 studia
253 2218 405 2267 Numidarum
423 2222 448 2266 in
466 2217 606 2280 Jugurtbam
622 2231 733 2275 accensu

71 2285 193 2345 exquibus,
206 2284 225 2331 si
236 2283 304 2331 talem
315 2285 388 2331 virum
399 2284 557 2339 interfecisset,
573 2297 604 2330 ne
613 2298 658 2344 qua
674 2283 734 2331 sedi·

73 2348 101 2395 tio
110 2356 149 2396 aut
158 2348 243 2397 bellum
254 2350 357 2405 oriretur,
368 2350 449 2397 anxius
460 2356 516 2395 erat.

101 2411 158 2460 vll.
173 2413 222 2461 His
239 2413 405 2462 difficultatibus
421 2416 595 2467 circumventus,
612 2412 649 2459 ubi
665 2412 734 2468 videt,

74 2491 140 2540 neque
149 2494 191 2542 per
205 2479 253 2526 vim
269 2493 344 2540 neque
358 2480 444 2526 insidiis
463 2479 558 2540 opprimi
574 2492 641 2539 posse
660 2478 734 2524 homi·

74 2556 119 2590 nem
130 2552 176 2592 tam
187 2550 305 2607 acceptum
313 2542 472 2605 popularibus3
489 2543 549 2604 quod
559 2552 609 2588 erat
618 2540 634 2588 J
638 2541 735 2602 ugurtha

71 2616 254 2673 manupromtns,
271 2616 295 2656 et
313 2617 421 2672 appetens
437 2608 519 2671 gloriae
529 2606 638 2658 militaris,
656 2604 735 2650 statuit

74 2685 119 2723 etan
129 2675 242 2741 obJectne
255 2674 368 2740 perieulis,
384 2682 409 2724 et
427 2689 456 2723 eo
473 2672 542 2721 modo
557 2669 671 2727 formum
683 2675 734 2716 ten·
