1800 2942
231 169 388 223 'JUSTINI
405 171 536 223 manv,
553 171 646 225 cras.
732 178 781 226 26⁵

42 311 45 318 '
112 318 146 352 ex
156 317 250 366 corpore
257 318 299 351 suo
309 319 359 351 esse
369 303 446 351 velint.
465 303 581 366 Receptus
587 304 629 350 bac
637 303 695 365 lege,
703 305 781 366 psuls·

113 371 157 416 tim
167 369 291 430 imperium,
307 370 403 431 primum
415 368 528 416 monendo
539 369 649 431 singulos,
665 383 720 415 mcx
730 385 782 431 quas

113 448 232 497 perperam
248 432 309 480 facta
326 441 396 488 erant,
415 433 497 482 blande
512 433 651 496 corrigendo,
669 443 777 495 usurpata

113 499 172 545 nibil
186 499 210 544 in
226 498 306 545 castris
321 500 370 545 sine
387 498 425 545 illo
441 499 486 561 agi,
506 498 564 545 nibil
572 498 721 546 sdsniuistrari
732 499 781 546 sine

113 560 215 610 acuente
224 562 284 610 illius
294 570 388 624 poterat.

148 624 197 674 III.
214 625 252 672 Au
262 635 408 690 postremum,
422 642 474 675 cum
486 628 629 690 Antigonum
640 628 717 675 venire
727 642 781 675 cum

110 692 217 743 ,exercitu
227 692 354 740 nuntiatum
365 699 432 747 esset,
444 693 559 755 compellit
566 709 606 740 eos
616 694 641 740 in
652 694 723 740 aciem
738 693 779 739 dev

114 756 230 805 scendere.
246 754 281 803 Ibi
289 757 342 804 dum
348 757 411 804 (lucis
419 757 512 819 imperia
519 764 673 812 contemnunt,
681 758 779 805 hostium

112 822 199 871 virtute
209 828 349 883 superantur.
380 820 410 868 In
421 837 449 869 eo
462 823 548 884 proelio,
565 836 610 870 nnn
622 823 717 885 gloriam
728 831 779 870 tan·

114 893 165 933 turn
182 892 217 933 tot
231 885 348 940 bellorum,
366 901 418 933 cum
429 888 564 951 conjugibus
573 896 597 934 ct
607 888 688 942 liberis.
706 888 745 936 sed
756 894 781 934 et

112 952 208 1015 praemia
222 949 293 1012 longi
307 950 387 997 militia
401 958 471 1013 parta,
487 953 637 1015 perdiderunt.
670 952 716 1000 Sed
727 952 778 1000 Eu·

110 1030 202 1071 ruenes,
213 1016 250 1076 qui
261 1022 341 1063 auctor
350 1015 418 1063 cludis
429 1023 483 1070 erat,
499 1032 541 1064 nec
549 1017 615 1064 ubam
626 1032 688 1079 spem
700 1017 780 1065 salutis

112 1081 222 1141 reliqum
233 1081 332 1132 babebat,
347 1081 419 1128 victos
429 1082 564 1128 hortabatur.
589 1081 651 1129 Nam
662 1089 686 1128 et
695 1082 780 1129 virtute

91 1198 95 1205 ¹
111 1160 156 1192 eos
166 1146 291 1205 superiores
300 1144 371 1191 fuisse
383 1144 518 1192 affirmabat:
537 1147 618 1207 quippe
628 1148 656 1193 ab
667 1146 701 1193 bis
711 1148 778 1208 quiu-

106 1225 159 1272 ⁴que
167 1209 236 1256 millia
246 1210 344 1257 hostium
355 1223 428 1266 caesa3
445 1217 475 1264 et,
486 1211 505 1256 si
515 1210 539 1255 in
547 1209 606 1256 bello
616 1217 723 1270 perstent,
742 1212 777 1257 ul·

113 1283 151 1322 tro
161 1276 239 1321 bostes
247 1289 325 1335 pacem
335 1273 452 1336 petituros.
470 1272 569 1328 Damna,
580 1275 659 1334 quibua
670 1289 695 1321 se
704 1275 779 1323 victos

112 1345 201 1403 putent,
219 1339 265 1385 duo
279 1339 350 1385 millia
364 1337 490 1394 mulierum,
507 1346 531 1385 et
545 1353 629 1400 paucos
639 1337 743 1393 infantes,
754 1347 779 1387 ct

112 1403 205 1452 servitia
220 1418 276 1457 esse,
292 1418 344 1464 quae
356 1403 437 1450 melius
446 1403 558 1451 vincendo
568 1404 655 1466 possint
667 1418 776 1466 repetam,

111 1483 181 1531 quam
202 1468 325 1516 deserendo
345 1468 471 1516 victoriam.
513 1467 586 1515 Porro
603 1468 777 1531 Argyraspides,

111 1548 189 1593 neque
197 1533 276 1595 nugam
283 1548 307 1580 se
317 1540 448 1589 tentaturos,
459 1533 543 1589 dicunt,
554 1540 606 1595 post
615 1534 697 1580 damna
706 1534 777 1595 petri-

112 1599 248 1652 moniorum,
265 1606 289 1645 et
301 1607 353 1659 post
367 1600 477 1660 conjuges
491 1599 591 1652 amissas,
610 1613 684 1658 neque
693 1597 776 1645 bellum

110 1669 218 1727 gesturos
228 1670 308 1710 contra
317 1663 398 1710 liberos
408 1677 462 1711 suos
467 1679 476 1721 ;
493 1662 597 1724 ultroque
606 1677 658 1710 eum
669 1663 778 1711 conviciis

111 1729 207 1791 agitant,
218 1729 278 1788 quod
286 1743 318 1781 se,
329 1736 381 1790 post
388 1734 423 1776 tut
433 1742 504 1775 annos
515 1728 659 1775 emeritorum
667 1728 775 1792 stipendi·
826 1762 832 1775 s

104 1807 186 1848 orsum,
202 1793 319 1840 redeuntes
336 1793 427 1839 domum
440 1808 492 1840 cum
506 1793 605 1854 praemiis
615 1802 650 1841 tot
658 1794 775 1848 bellorum,

110 1859 141 1906 eb
151 1855 199 1920 ipsi
209 1859 316 1906 missione
325 1873 403 1906 rursus
410 1859 433 1904 in
441 1873 523 1905 novam
533 1858 643 1915 militiam,
654 1860 775 1906 immensa-

110 1937 157 1985 que
166 1922 224 1969 bella
234 1923 373 1970 revocaverit
379 1939 388 1980 ;
399 1931 423 1971 et
433 1937 447 1970 a
457 1923 539 1970 laribus
550 1925 599 1987 J'sm
611 1923 777 1985 quodammodo

110 1988 166 2042 suis,
178 1995 201 2034 et
211 1986 239 2034 ab
249 1988 298 2049 ipso
309 1988 386 2035 limine
398 1988 478 2050 patriae
491 1988 599 2036 abductos
609 1989 711 2035 inanibus
721 2002 775 2048 pro·

110 2052 189 2100 missis
205 2052 328 2114 deceperit:
348 2068 409 2100 nunc
419 2068 516 2115 quoque,
528 2054 615 2100 amireis
626 2052 729 2099 omnibus
739 2049 774 2098 fe·

107 2117 161 2167 licis
177 2117 264 2163 militias
278 2118 405 2178 questibus,
422 2133 453 2164 ne
468 2118 541 2166 victos
551 2118 640 2178 quidem
650 2117 675 2162 in
685 2113 776 2163 miserii

100 2190 134 2230 et
144 2182 205 2244 inopi
216 2181 307 2228 renecti
317 2183 431 2243 quiescere
443 2183 509 2230 sinat.
542 2180 631 2244 Ignaris
641 2180 721 2228 deiude
731 2180 776 2228 ‹lu-

108 2247 180 2301 crbus,
197 2246 314 2293 confestim
323 2248 351 2293 ad
362 2246 603 2309 Antigonum‘legatos
618 2246 718 2298 mittunt,
735 2261 776 2308 pe-

107 2317 192 2365 tentes,
209 2317 235 2357 ut
246 2326 286 2358 sua
296 2312 357 2358 reddi
368 2313 454 2372 jubeat
488 2310 513 2357 Is
525 2311 661 2358 redditurum
673 2325 698 2357 se
707 2310 774 2372 pulli·

107 2383 179 2427 cetur.
199 2376 218 2422 si
241 2375 360 2423 Eumenen
378 2377 418 2423 sibi
433 2376 530 2423 tradam.
564 2374 652 2430 Quibus
666 2376 773 2437 cognitis,

106 2440 226 2488 Eumenes
237 2455 288 2486 cum
299 2441 462 2502 paucissugere
472 2441 580 2487 tentarit:
601 2440 639 2488 sed
655 2448 772 2493 retractus,

104 2505 230 2565 desperatis
238 2506 367 2559 rebuacum
374 2521 497 2552 concursus
502 2505 650 2552 multitudinis
656 2505 772 2552 factuses·

104 2577 150 2621 sets
159 2570 222 2629 petit,
230 2578 256 2617 ut
261 2578 399 2632 postremum
411 2571 452 2617 sibi
463 2570 544 2631 alloqui
555 2572 678 2618 exmcitum
687 2570 771 2614 liceret.

140 2631 186 2680 1v.
197 2633 279 2682 Jusaus
286 2636 314 2682 ab
324 2635 434 2683 universis
442 2636 521 2689 dicene,
533 2634 593 2681 sacto
602 2634 696 2685 silentio,
709 2633 771 2677 laxa-

101 2700 181 2758 tisque
188 2699 290 2757 vinculis,
300 2701 417 2764 prolatam,
428 2701 486 2748 sicut
493 2706 540 2747 erat
548 2706 670 2749 catenntus,
680 2706 771 2743 monum

535 2768 576 2809 Qu
