1800 2942
247 179 385 230 Jusrnu
402 179 497 229 narr
515 178 607 229 cras.
712 152 780 232 ros

85 310 221 360 trimonium
237 311 350 366 assumsit,
366 317 390 359 et
406 327 435 358 ex
457 310 484 358 ei
499 311 579 375 genuit
596 309 756 373 Hippolytum.

88 377 213 430 Hercules,
230 383 283 437 post
292 377 415 433 victoriam,
434 376 580 439 Menalippen
595 378 706 438 captivam
718 394 769 441 sos

86 444 134 491 rori
146 441 248 495 reddidit,
259 448 283 487 et
293 442 389 502 pretium
401 457 463 488 arma
474 443 559 504 reginas
566 442 660 503 accepit.
677 442 756 504 Atque

85 508 120 554 ita
129 506 224 554 functus
234 507 369 568 imperio,ad
376 522 452 569 regern
464 508 592 554 revertitur.
614 507 756 564 SedOtrere,

86 573 125 619 ubi
141 572 253 633 comperit
267 571 351 618 bellurn
364 573 477 618 sororibus
495 571 589 625 illatum,
608 580 632 619 et
642 579 755 634 raptorem

86 653 138 684 esse
158 636 332 683 Atheniensium
351 636 481 699 principem,
501 637 602 703 hortatur
619 638 713 685 comites
730 639 755 686 in

85 702 196 749 ultionem
206 718 214 758 ;
230 700 357 762 frustraque
368 707 391 748 et
402 700 471 749 Ponti
482 702 563 763 sinum,
574 709 598 749 et
609 701 688 750 Asiam
700 703 754 751 edo-

85 768 166 814 mitam
177 781 229 813 esso
239 766 300 821 dicit,
311 766 329 812 si
342 766 475 813 Graecorum
487 782 533 813 non
545 774 590 813 tam
601 767 671 822 bellis,
686 784 754 829 quam
772 761 775 773 '

84 833 171 894 rapinis
191 837 290 893 pateant.
322 829 439 878 Auxilium
459 832 540 879 deinde
556 848 570 880 a
589 833 681 895 sagulo,
701 849 756 897 rege

85 897 199 958 Scystriae,
218 896 290 958 petit:
308 911 381 958 genus
397 912 423 944 se
438 897 573 959 Scytharum
584 913 649 946 esser
668 898 755 946 cladem

83 963 196 1018 virorum,
203 961 361 1008 necessitatem
369 961 633 1018 armorum,bellicausas
640 964 754 1022 ostendit;

84 1035 244 1087 assecutasque
259 1027 350 1082 virtute,
368 1042 398 1074 ne
411 1028 528 1089 segniores
542 1028 702 1076 virisfeminas
713 1030 754 1077 ba·

84 1093 138 1140 bere
149 1091 244 1153 Scythae
251 1092 388 1139 viderentur.
421 1093 502 1140 Motus
515 1093 553 1140 ille
567 1094 691 1141 domestici
701 1095 754 1156 glo·

84 1156 125 1212 rii,
141 1158 214 1204 mittit
227 1171 279 1203 eum
291 1158 379 1219 ingenti
390 1160 490 1219 equitatu
500 1156 571 1205 lilium
583 1158 753 1220 Panasagorum

83 1223 107 1270 in
118 1222 236 1270 auxilium.
270 1222 315 1269 Sed
325 1231 378 1269 ante
387 1222 492 1284 proelium
504 1223 643 1270 dissensione
658 1221 714 1279 orti,
725 1225 754 1271 ab
771 1222 775 1228 '

85 1289 176 1336 auxiliis
193 1288 297 1341 deserta
316 1287 375 1334 bello
388 1288 416 1335 ab
427 1288 603 1335 Atheniensibus
613 1288 749 1336 vincuntur:

84 1353 251 1415 receptaculum
269 1360 344 1400 tamen
359 1350 457 1400 habuere
472 1359 545 1400 castra
560 1354 679 1408 sociorum,
694 1368 751 1414 quo-

83 1434 134 1466 rum
151 1418 236 1466 auxilio
246 1417 337 1465 intactae
348 1418 375 1466 ab
385 1419 435 1466 aliia
445 1419 558 1480 gentibus,
573 1419 596 1465 in
607 1433 702 1481 regnum
715 1433 750 1465 re·

82 1492 211 1532 vertuntur.
244 1481 301 1530 Post
320 1482 417 1530 Otreren
426 1482 579 1533 vPenthesilea
592 1496 665 1545 regno
681 1484 752 1544 potita

81 1556 132 1596 est:
152 1550 225 1612 quus,
247 1547 347 1611 Trojanno
368 1549 434 1603 bello,
451 1550 511 1595 inter
530 1547 665 1595 fortissimos
682 1548 750 1603 viros,

81 1630 134 1661 cum
145 1613 256 1661 auxilium
267 1614 374 1661 adversm
386 1614 482 1661 Graecos
492 1614 568 1669 ferret,
588 1628 670 1675 magna
680 1613 751 1661 virtu-

80 1680 111 1726 tis
122 1679 260 1726 documenta
269 1677 383 1726 exstitere.
419 1675 543 1726 interfecit
553 1679 642 1729 demum
650 1678 749 1726 Penthe·
774 1732 777 1743 ι

79 1743 142 1799 silei,
153 1744 300 1805 exercituque
309 1745 357 1806 eJus
365 1746 474 1799 absumto,
485 1759 570 1807 paucae,
581 1759 633 1806 quse
644 1745 666 1790 in
678 1759 751 1808 regno

79 1815 243 1864 remanserant
256 1824 317 1870 aegre
326 1824 350 1856 se
360 1809 469 1856 adversus
479 1808 586 1857 finitimos
597 1809 749 1865 defendentes,
773 1864 775 1869 .

80 1890 151 1937 usque
168 1881 272 1936 tempora
289 1873 413 1923 Alexandri
425 1874 508 1939 Magni
520 1875 663 1923 duraverunt
697 1874 749 1922 Ha·

78 1954 130 1987 rurn
150 1938 275 2000 Minithya,
298 1939 346 1986 sive
367 1939 500 1995 Tnalestris,
523 1942 607 2003 regina,
630 1940 749 1987 concubitu

77 2003 207 2052 Alexandri
217 2020 258 2066 per
268 2003 316 2050 dies
326 2004 433 2053 tredecim
444 2006 473 2052 ad
488 2005 587 2053 sobolem
598 2020 628 2052 ex
638 2020 667 2051 eo
677 2018 749 2065 geue·
766 2050 774 2059 „

77 2069 173 2127 randum
191 2070 290 2123 obtento,
305 2084 395 2117 reversa
411 2071 435 2115 in
453 2085 555 2133 regnum,
572 2071 634 2117 brevi
648 2077 750 2132 tempore
772 2070 775 2075 '

78 2150 131 2183 oum
143 2135 207 2182 omni
218 2132 364 2181 Amazonum
375 2136 468 2182 nomine
477 2135 596 2185 intercidit.
771 2187 775 2195 ,

110 2199 143 2247 V.
161 2198 257 2260 Scythae
268 2210 343 2246 autem
354 2198 420 2247 tertii
434 2200 577 2261 expeditione
588 2196 679 2255 Asiani,
696 2215 750 2247 cum

78 2266 145 2312 annis
156 2272 210 2311 octo
226 2279 240 2309 a
258 2266 392 2327 conjugibus
403 2272 426 2312 et
436 2265 512 2312 liberis
527 2264 656 2320 abfuissent,
673 2265 749 2312 servili

78 2331 138 2384 bello
157 2330 219 2375 domi
238 2330 387 2390 excipiuntur.
420 2330 512 2392 Quippe
532 2331 642 2392 conjuges
662 2345 749 2385 eorum,

77 2394 150 2457 longi
169 2394 338 2455 exspectatione
356 2396 456 2442 virorum
469 2392 543 2448 fessae,
563 2410 604 2442 nec
616 2396 666 2455 jam
678 2396 750 2442 teneri

80 2459 146 2513 bello,
158 2459 199 2508 sed
210 2459 296 2506 deletos
306 2466 369 2515 ratae,
385 2461 457 2506 servis
468 2459 496 2507 ad
506 2460 629 2507 custodiam
641 2474 749 2522 pecorum

79 2525 163 2572 relictis
181 2525 284 2571 nubunt:
304 2527 341 2585 qui
358 2540 461 2572 reversos
471 2540 522 2571 cum
533 2524 628 2573 victorii
638 2524 748 2577 dominos,

79 2589 143 2637 velut
152 2589 259 2645 advenas,
271 2590 350 2636 armati
358 2588 439 2637 finibus
449 2590 574 2652 probibent.
599 2589 749 2642 Quibuscum

79 2655 142 2702 varia
159 2654 255 2701 victoria
270 2653 357 2709 luisset,
379 2655 529 2701 admonentur
550 2654 643 2713 Scythae
661 2657 764 2713 mutare,

79 2734 152 2783 genus
162 2733 256 2786 pugnae,
277 2734 390 2770 memores
400 2735 447 2768 uon
458 2734 509 2768 cunr
522 2718 629 2773 hostibus,
641 2714 681 2763 sed
696 2725 748 2759 cum
