1800 2942
124 157 174 204 2⁶6
253 147 390 201 susum
406 149 461 199 Ln.
471 147 544 199 XIV.
560 146 653 200 cust

123 283 237 332 ostendit:
256 287 271 312 ‘⁴
282 277 390 334 cernitis,
401 277 510 336 multem
525 280 605 343 iuquit,
621 284 637 311 ⁸⁶
647 278 748 327 hobitum
762 288 801 331 ct

125 363 171 410 que
181 353 313 395 ommneutu
325 346 388 393 ducis
397 346 474 401 vestri,
490 360 543 406 qum
557 346 613 392 mihi
629 360 676 393 nou
691 346 798 394 hostium

126 414 245 475 quisquam
264 412 384 472 imposuit:
403 424 456 457 nsm
478 411 522 457 hoo
543 411 610 458 etium
629 411 710 458 solatio
726 410 798 460 foret.

128 477 180 525 Vos
195 492 234 525 me
248 491 278 524 ex
293 476 380 522 victore
395 475 487 530 vietum
503 491 545 522 vos
560 490 598 522 me
613 489 644 522 ex
659 476 799 537 imperatore

127 543 249 605 captivum,
265 540 365 597 lecistis5
381 546 460 601 quater
473 541 533 587 intra
542 541 602 587 huno
613 553 697 588 anuum
708 541 732 586 in
742 555 798 588 mes

128 609 198 655 verbs
209 606 355 669 jurejurando
372 604 471 651 obstricti
489 605 551 652 estis.
584 603 629 652 seu
641 605 686 652 istu
699 605 796 653 omitto:

129 686 204 733 neque
219 672 280 719 euim
295 670 391 717 miseros
404 669 507 717 convicio
521 670 609 716 deoeut.
650 668 731 716 Unum
747 685 799 728 oro,

128 737 151 784 si
160 736 326 799 propositorum
338 734 450 796 Antigoni
461 734 485 781 in
495 749 547 781 meo
557 749 584 782 os
599 734 630 781 'te
641 749 730 781 summu
739 749 798 781 nou·

130 801 197 855 sistit,
213 801 272 848 inter
284 814 326 848 vos
338 815 376 846 me
385 799 460 846 velitis
470 800 536 846 mori.
593 812 629 846 om
646 813 721 861 neque
737 799 800 847 illius

128 866 234 920 interest,
244 863 432 926 quemadmodum
443 871 484 911 sut
492 864 530 911 uhi
541 864 635 920 oodsm3
646 871 671 910 et
681 879 726 926 ego
733 863 800 912 fuero

131 929 259 993 ignominia
273 928 352 975 mortis
361 928 475 976 liberatus.
506 926 562 976 Hoc
581 928 600 975 si
614 929 719 990 impetro,
734 929 800 976 solvo

35 1045 37 1047 ,
131 1008 175 1041 vos
187 993 339 1056 jnrejurmdo,
355 1007 401 1053 quo
411 995 479 1041 toties
489 1008 531 1041 vos
542 1000 682 1041 monumento
692 994 747 1039 mihi
759 994 800 1040 de-

129 1059 236 1114 vovistis·
267 1057 317 1104 Aut
332 1057 351 1103 si
366 1058 427 1120 ipsos
437 1059 506 1120 pudet
521 1059 610 1120 roganti
625 1059 672 1104 vim
687 1059 800 1114 sdhibere,

130 1122 220 1170 ferrum
240 1123 286 1170 hue
307 1122 372 1179 datm
393 1129 418 1170 et
438 1124 567 1184 permittite,
589 1123 649 1183 quod
668 1137 711 1170 vos
725 1122 801 1170 foetu·

135 1202 174 1235 ros
185 1203 227 1251 pro
239 1189 374 1251 imperatore
383 1184 484 1249 jurdstis,
502 1188 659 1251 imperatorem
675 1203 718 1250 pro
735 1188 803 1235 vohis

135 1254 186 1300 sine
206 1252 316 1316 religione
326 1252 472 1316 jurisjurandi
485 1251 583 1300 luoere”
617 1250 678 1301 Cum
695 1267 743 1300 uon
759 1253 802 1299 oh-

135 1319 227 1373 tineret,
237 1332 315 1380 preces
324 1317 349 1363 in
358 1317 416 1363 irum
426 1317 503 1364 vertit.
532 1316 590 1363 “At
600 1315 666 1372 vos,”
683 1317 722 1372 uit,
739 1317 803 1365 “de-

139 1389 195 1431 vots
215 1383 295 1445 ospiti,
311 1381 430 1443 respicimut
457 1380 498 1428 Dii
515 1383 663 1445 perjuriorum
684 1381 802 1441 vindices3

138 1448 241 1509 talesque
249 1447 314 1496 vohis
322 1447 397 1493 exitus
407 1445 468 1500 deut,
478 1447 557 1508 quoles
566 1462 608 1495 vos
618 1446 711 1493 duoihus
721 1448 805 1495 vestris

134 1513 236 1560 dedistis.
266 1511 357 1573 Nempe
370 1526 412 1558 vos
428 1510 496 1558 iidem
509 1511 578 1574 pnulo
590 1517 643 1559 aute
652 1518 677 1559 et
687 1510 806 1560 Perdioeoe

137 1578 249 1640 sunguine
258 1578 313 1624 estis
319 1575 425 1638 adspersi,
436 1582 462 1627 et
471 1576 495 1622 in
503 1575 648 1639 Antipstrum
658 1577 738 1624 eudem
751 1591 807 1624 mo·

136 1643 179 1688 liti
211 1640 291 1704 Ipsum
299 1641 396 1701 denique
406 1640 568 1694 Alermndrurn,
585 1642 606 1687 si
614 1640 651 1688 fos
660 1640 742 1689 fuisset
751 1656 805 1689 eum

133 1707 229 1752 mortali
238 1720 307 1752 mnuu
322 1705 408 1760 esdere,
424 1705 572 1761 interemtum,
595 1706 667 1769 (quod
677 1707 805 1754 maximum

138 1769 199 1830 erat)
214 1769 359 1817 seditionibus
369 1768 478 1832 agitdstis.
511 1769 599 1817 Ultimo
609 1785 670 1818 nune
680 1786 726 1833 ego
734 1770 805 1835 perii·

134 1835 220 1882 dorum
230 1833 329 1888 victims,
346 1835 388 1881 hus
402 1837 468 1882 vohis
484 1835 543 1883 dirus
558 1842 626 1896 utque
641 1834 734 1883 interius
746 1836 805 1890 dioo,

135 1909 166 1947 ut
182 1901 262 1963 inopes
275 1906 420 1960 extorresque
435 1915 505 1948 omne
522 1914 597 1948 serum
607 1901 631 1946 in
641 1902 686 1947 hoo
696 1902 807 1950 cestrensi

134 1965 219 2013 exsilio
236 1962 326 2026 sgstis3
342 1963 496 2027 devorentque
503 1980 547 2012 vos
557 1979 620 2012 arms
629 1972 713 2021 vestra,
724 1966 808 2028 quihus

137 2031 216 2142 &peres
232 2036 329 2084 vestros,
343 2043 410 2091 quum
427 2030 532 2086 hostium,
551 2030 619 2077 dines
638 2029 807 2078 absumsistis.”

185 2111 228 2143 uus
235 2095 316 2144 deinde
325 2095 372 2151 irae,
384 2095 489 2142 custodes
496 2110 550 2143 suos
557 2096 686 2157 precedere
697 2097 725 2142 ad
738 2095 809 2142 Anti·

141 2161 197 2222 goni
208 2168 281 2208 osstm
288 2161 364 2223 coepit
395 2159 501 2221 Sequitur
508 2161 626 2214 exereitus,
637 2161 728 2222 prodito
735 2161 809 2223 impo-

141 2232 216 2273 mtore
226 2240 268 2272 suo
278 2227 360 2288 etipse
371 2225 480 2286 captivus,
490 2226 673 2287 triumphumque
683 2226 713 2272 de
723 2241 749 2272 se
759 2226 810 2288 ipso

142 2289 466 2348 udviotorissuicustmduoit3
478 2291 554 2337 omnia
559 2288 658 2352 auspiciu
666 2290 728 2355 regis
736 2291 810 2336 Alex·

142 2353 213 2408 andri.
224 2361 248 2400 et
263 2361 298 2401 tot
313 2355 422 2401 bellorum
437 2355 523 2417 pulmas
533 2355 664 2416 lauremque
675 2353 721 2401 und
731 2368 811 2402 secum

143 2418 224 2463 victori
234 2419 338 2469 tradens:
353 2426 383 2472 et,
392 2433 424 2465 ne
433 2419 487 2480 quid
495 2419 582 2466 deesset
589 2434 684 2482 pompae,
697 2417 813 2482 elephanti

143 2495 234 2542 quoque
251 2490 275 2528 et
291 2483 375 2529 auxilio
386 2482 512 2531 orientalis
529 2486 702 2545 subsequuntur.
734 2483 813 2530 Tunto

145 2545 258 2606 pulchrior
271 2547 321 2592 hmo
335 2547 461 2609 Antigono,
473 2562 539 2608 quum
552 2548 681 2595 Alexandro
692 2555 728 2595 tot
738 2549 813 2595 vieto

144 2610 185 2657 riae
195 2609 301 2667 tremum
317 2617 348 2665 ut,
359 2626 411 2657 oum
421 2613 461 2658 ille
471 2611 588 2659 Orientem
599 2613 684 2667 vicerit,
695 2612 734 2660 hio
743 2613 815 2659 etium

143 2676 307 2738 eoqsquibus
317 2675 399 2724 Oriens
409 2676 484 2725 vietus
494 2675 574 2734 ssent,
585 2677 731 2740 superarent
762 2675 814 2739 lgi-
