1800 2942
245 169 382 222 JUSTINI
398 169 445 218 Lrs
462 170 482 220 L
500 169 607 221 Cannio.
715 175 761 222 157

1 336 10 347 ,
91 301 249 367 occnpbssent,
278 302 418 363 difficilisque
440 302 500 350 urbis
522 302 660 365 expugnatio
681 309 758 360 esset3

91 377 205 417 aestnante
224 383 288 429 rege,
308 382 369 414 unus
387 368 415 413 de
435 367 617 415 intertectoribus
628 367 761 429 Magorum,

92 434 206 496 Zopyrus,
223 434 284 479 domi
306 447 331 478 se
347 432 475 479 verberibus
491 432 583 480 lacerari
602 439 651 480 toto
668 448 763 495 corpore

86 500 168 564 jubet3
186 513 272 553 nasum,
289 512 361 551 aures,
378 504 401 542 et
410 496 467 544 labie
478 496 519 544 sibi
530 498 633 559 praecidi:
653 504 721 558 atque
730 499 763 545 ita

92 565 140 626 regi
152 563 278 625 inopinanti
289 577 314 609 se
325 561 397 608 offert.
434 562 575 617 Attonitum,
588 571 612 609 et
623 570 762 623 quaerentem

91 629 192 678 Darium
203 642 283 675 causas
299 635 458 687 auctoremque
472 634 518 674 tam
533 627 601 675 foedae
611 628 763 685 lacerationis,
834 635 838 645 ’

91 695 182 748 tacitus,
194 708 239 753 quo
252 693 366 754 proposito
376 690 462 747 iecerit,
475 693 555 740 edocet
562 710 571 750 ;
588 692 727 753 formatoqne
738 694 763 740 in

91 760 170 808 futura
180 758 282 813 consilio,
300 755 425 819 transfugae
443 757 510 805 titulo
532 755 682 818 Babyloniam
692 757 762 819 proii-

93 825 194 871 ciscitur.
239 818 274 868 Ibi
296 821 394 868 ostendit
420 821 505 884 populo
532 822 641 869 laniatum
663 837 762 884 corpus;

92 889 197 950 queritur
207 886 363 933 crudelitatem
374 887 441 948 regis,
461 902 474 933 a
485 902 530 947 quo
542 887 565 933 in
577 888 642 949 regni
653 887 763 949 petitione

92 969 141 1001 non
151 953 243 1008 virtute,
255 951 295 998 sod
305 950 419 1012 auspici03
437 965 483 998 non
495 952 576 999 'udicio
587 952 711 1006 bominum,
723 953 764 1000 sed

89 1018 183 1066 binnitu
201 1018 259 1077 equi,
278 1023 395 1077 superatus
412 1016 449 1062 sit.
481 969 551 1065 „iubet
564 1017 615 1064 ilios
637 1033 666 1065 ex
685 1018 763 1065 amicis

92 1082 223 1144 exemplum
235 1096 320 1142 capere,
332 1080 385 1141 quid
395 1081 497 1128 hostibus
507 1082 631 1129 cavendum
643 1083 679 1129 sit.
697 1082 761 1130 Hor·

90 1156 161 1202 tatur,
179 1162 208 1193 ne
218 1146 331 1192 moenibus
341 1146 415 1206 magis
429 1160 496 1206 quern
510 1148 579 1193 annis
589 1145 709 1203 confidant,
721 1163 763 1210 po·

89 1215 223 1273 tianturque
234 1226 259 1256 se
269 1225 389 1257 commune
399 1211 487 1257 bellum·
499 1211 624 1258 recentiore
634 1209 667 1257 itt
677 1227 764 1274 gerere.

91 1276 160 1325 Nota
176 1275 280 1323 nobilitas
290 1276 333 1322 viri
348 1275 430 1337 pariter
445 1281 470 1322 et
480 1276 552 1322 virtus
575 1276 679 1323 omnibus
696 1283 759 1324 erata

93 1358 137 1391 nec
148 1340 231 1388 deiide
241 1341 356 1395 timebant,
374 1341 438 1402 cujus
457 1340 528 1387 veluti
545 1340 648 1402 pignora,
668 1341 763 1389 vulnera

89 1407 201 1469 corporis,
219 1417 242 1452 et
259 1406 348 1467 injuriae
369 1412 434 1452 notm
450 1405 568 1451 habebant.
611 1402 763 1453 Constituitur

89 1488 149 1535 ergo
160 1472 207 1518 dux
217 1471 318 1518 omnium
329 1468 453 1532 suffragio;
470 1477 494 1516 et
504 1467 595 1532 accepti
605 1467 674 1531 parvi
686 1484 761 1526 mann,

88 1537 164 1585 semei
171 1545 239 1596 atque
245 1536 326 1581 iterum
337 1534 469 1581 cedentibus
477 1535 581 1581 consulto
590 1534 673 1591 Persis,
680 1550 761 1582 secun·

88 1603 122 1649 da
132 1601 214 1663 proelia
224 1599 286 1646 facit.
308 1600 347 1646 Ad
357 1610 504 1662 postremum,
516 1599 645 1648 uniuersum
658 1600 699 1647 sibi
710 1615 761 1649 cre·

92 1668 166 1714 ditum
181 1665 305 1712 exercitum
316 1663 390 1711 Dario
408 1665 489 1728 prodit,
509 1666 631 1727 urbemque
647 1667 718 1728 ipsam
737 1667 761 1714 in

91 1737 229 1797 potestatem
246 1730 295 1793 ejus
314 1729 403 1791 reffigit
434 1729 493 1777 Post
510 1731 560 1778 baec
577 1730 664 1778 Darius
678 1731 761 1779 bellurn

90 1797 187 1861 Scythis
197 1794 272 1895 inient,
280 1795 341 1858 quod
348 1797 451 1857 sequenti
462 1795 577 1846 volumine
587 1795 702 1846 referetur.
