1800 2942
231 162 375 214 ‘JUSTINI
391 161 515 212 men.
531 163 622 215 Cam·
707 166 759 211 sal

94 295 179 350 edidit,
190 301 215 342 ut
225 295 317 365 agmina
326 294 438 341 interdum
448 293 546 356 fugaret·
568 293 606 340 Ad
616 297 762 356 postremum,

93 361 139 407 etsi
149 375 164 407 a
173 359 317 406 multitudine
326 361 406 414 victus,
417 357 491 421 gloria
501 367 576 406 tamen
587 373 666 404 omnes
676 357 738 404 sicit.

128 423 163 471 II.
181 422 254 471 Porro
266 424 403 478 Alexander,
419 439 460 471 rex
470 423 542 485 Epiri,
554 424 578 470 in
589 422 679 469 Italiam
690 437 704 471 a
714 420 761 470 Ts-
795 440 799 449 ¹

93 491 198 544 sentinis,
220 490 303 536 auxilia
325 490 432 536 adversus
459 488 563 536 Bruttios
587 487 763 550 deprecantibus,

94 554 236 610 sollicitatus,
257 555 290 601 ita
307 555 387 616 cupide
404 553 519 616 profectas
536 553 617 607 fuerat,
638 551 716 607 veluti,
739 552 764 597 in
829 578 831 587 κ

94 620 207 667 divisione
217 618 278 666 orbis
287 627 405 676 terrarum,
423 618 560 672 Alexandro,
573 617 714 680 Olympiadis
725 631 764 663 so·

94 685 154 739 roris
165 699 213 731 suae
223 684 277 738 filio,
296 683 385 739 Oriens,
402 684 443 729 sibi
459 683 572 730 Occidens
583 690 644 730 sorte
654 682 764 743 contigis-

94 755 146 807 set;
163 764 210 796 non
221 750 331 795 minorem
342 763 418 796 rerum
428 749 544 795 materiam
555 750 578 794 in
591 747 665 802 ltalia,
677 743 763 801 africi,

96 811 225 875 Sicilidque,
243 829 310 875 quarn
322 814 359 860 ille
369 814 393 859 in
404 811 467 867 asie,
486 820 509 860 et
520 814 542 858 in
555 813 632 860 Persis
642 813 765 859 habiturus.
843 824 847 828 ’

95 878 154 925 Huc
164 879 289 941 accedebat,
307 879 374 943 quod,
389 879 447 925 sicut
458 878 589 937 Alexandro
601 878 693 945 Magno
703 876 763 923 Del·

95 945 163 1006 phica
173 944 264 991 oracula
271 944 364 991 insidias
370 944 395 990 in
406 941 558 1001 Macedonid3
570 943 661 990 italruic
670 956 763 1003 respon·

52 1014 54 1021 ’
79 1041 82 1045 ι
94 1023 147 1057 aum
159 1008 274 1055 Dodonaei
284 1008 359 1062 Joris,
377 1009 439 1055 circa
455 1009 532 1055 urbem
549 1007 695 1064 Pandosiam,
714 1021 764 1053 am·

94 1089 194 1134 nemque
205 1074 361 1127 Acherusium,
372 1073 515 1135 praedixerat.
524 1098 527 1101 >
538 1071 599 1126 Quae
607 1080 701 1137 unaque
711 1086 763 1118 cum

94 1141 119 1187 in
130 1137 203 1201 Epiro
214 1146 298 1193 essent,
313 1139 407 1200 ignarus
417 1138 495 1184 eadem
510 1143 534 1183 et
550 1138 574 1183 in
586 1135 653 1184 Italid
662 1152 718 1192 esse,
736 1137 765 1183 ad
776 1182 781 1190 ,

79 1243 81 1249 ,
95 1203 229 1251 declinam
237 1203 336 1251 satorum
346 1202 446 1264 pericula
456 1201 598 1264 peregrinam
609 1201 711 1248 militiam
723 1215 763 1247 cu·

93 1269 170 1331 pidius
186 1268 293 1330 elegerat.
327 1265 409 1328 Igitur,
430 1281 483 1313 cum
505 1267 529 1313 in
552 1264 641 1312 Italiam
658 1265 764 1319 venisset,

94 1335 194 1396 primum
204 1333 237 1379 illi
248 1333 331 1379 bellum
341 1347 394 1379 cum
405 1332 487 1392 Apulis
500 1330 558 1377 fuitz
578 1345 673 1392 quorum
684 1330 764 1392 cogni·

95 1406 121 1446 to
132 1397 195 1445 urbis
204 1397 258 1454 fato,
270 1397 332 1444 brevi
343 1404 395 1459 post
405 1404 507 1458 tempore
516 1410 595 1457 pacem
610 1402 633 1441 ct
642 1395 763 1442 amicitiam

160 1526 408 1589 A
414 1460 582 1584 murt

93 1589 157 1640 fami
164 1606 242 1639 rerum
256 1592 280 1638 in
291 1589 361 1653 Trojd
370 1598 487 1654 gestarum
497 1591 646 1638 clarissimum
661 1603 688 1635 ac
699 1588 765 1635 nobi·

95 1657 209 1705 lissimurn
225 1656 306 1704 ducem
321 1655 458 1710 Diomeden,
477 1654 635 1702 condiderant:
656 1653 695 1701 sed
705 1653 765 1716 pulsi

82 1723 124 1770 ,ab
134 1721 224 1784 Apulis,
243 1721 387 1769 consulentes
405 1720 503 1776 oracula,
522 1734 654 1782 responsum
671 1733 765 1780 accepe-

87 1786 765 1914 'dtitddtiltwtttitittfflti

96 1918 190 1967 natione
205 1916 293 1964 restitui
304 1917 345 1962 sibi
356 1866 476 1978 fflpuli,
490 1916 568 1963 urbem
589 1915 765 1977 postulaverant

96 1981 144 2031 Sed
155 1981 193 2028 abi
204 1981 286 2043 Apulis
296 1981 411 2028 oraculum
422 1981 527 2034 innotuit,
538 1980 669 2027 interfectos
677 1978 766 2039 legatos

96 2046 189 2095 inurbe
196 2045 339 2107 sepelierunt,
361 2054 492 2108 perpetuam
502 2045 535 2092 ibi
547 2045 622 2092 sedem
634 2043 762 2091 habiturosr

96 2118 171 2172 etque,
181 2111 213 2158 ita
228 2110 328 2158 defuncti
341 2125 457 2173 responso,
474 2111 512 2157 diu
523 2110 600 2156 urbem
611 2106 766 2170 possederunt.

96 2175 169 2231 Quod
178 2173 264 2225 actum
271 2191 324 2222 cum
335 2176 481 2237 cognovisset
492 2172 628 2227 Alexander,
645 2172 766 2232 antiquita·

95 2241 127 2291 tis
135 2240 320 2294 fstarenemtus,
334 2241 394 2288 bello
405 2241 532 2302 Apulorum
543 2237 655 2286 abstinuit.
672 2272 673 2278 ,
688 2237 768 2285 Gessit

95 2313 121 2354 et
134 2320 190 2355 cum
199 2303 297 2352 Bruttiis
307 2304 453 2366 Lucanisque
467 2304 566 2361 bellum
583 2302 709 2363 multasque
727 2316 767 2348 ur·

95 2371 137 2419 bes
147 2369 221 2432 cepit:
241 2376 325 2417 tumet
338 2384 390 2417 cum
407 2368 580 2432 Metspontinis,
599 2374 623 2415 et
634 2366 764 2420 Poediculis,

95 2442 121 2485 et
131 2433 251 2490 Romaanus
266 2434 342 2483 foedus
356 2435 523 2494 amicitiamque
532 2432 593 2481 fecit
625 2432 671 2481 Sed
681 2430 768 2479 Bruttii

97 2498 239 2560 Lucanique,
260 2514 312 2547 cum
334 2500 417 2547 auxilia
438 2514 452 2546 a
472 2498 574 2546 finitimis
594 2497 767 2551 contraxissent,

96 2565 172 2612 acrias
181 2563 266 2612 beilum
276 2561 407 2627 repetivere.
441 2563 477 2610 Ibi
493 2578 533 2611 rex
539 2564 607 2625 juxta
617 2564 695 2611 urbem
706 2559 768 2607 Pan·

97 2626 235 2685 declamet
253 2627 339 2679 flumen
354 2628 493 2684 Acheronta,
508 2643 555 2676 non
565 2625 712 2690 panetariis
722 2624 767 2670 ioci

84 2692 193 2760 cognito
203 2694 301 2752 nomiae,
318 2708 386 2758 quan
396 2694 515 2747 modoet,
530 2691 678 2747 interficitur,
691 2688 767 2743 ⁴rneri-

512 2773 531 2808 u
