1800 2942
118 137 166 183 los
262 129 400 184 JUSTINI
416 132 470 181 Lrs.
483 129 516 182 Ii.
534 129 588 183 Cas
607 135 646 182 10.

117 260 181 311 tanti
197 263 287 319 virtute,
303 264 397 310 uthina
417 263 486 320 viros,
505 263 557 311 inde
575 262 673 326 pecudes
689 271 793 325 putares.

119 327 184 376 Victi
195 327 272 376 Persae
280 329 304 374 in
312 343 383 375 nares
393 326 561 389 confugerunt3
578 343 608 375 ex
618 328 699 390 quibus
710 329 794 377 multae

117 409 250 457 suppressae,
267 394 345 440 multae
360 400 432 456 captae
448 400 509 439 sunt.
540 392 569 439 In
585 408 612 440 eo
627 392 709 455 proelio
728 401 795 444 aurs

25 468 32 482 ⁶
117 460 190 507 virtus
208 458 348 520 singulorum
366 457 416 513 suit,
433 464 468 515 ut,
485 459 549 520 cujus
563 458 613 504 laus
627 458 700 519 prima
717 468 791 517 esset,

118 523 208 570 difficile
222 523 333 586 judicium
354 524 475 570 videretur.
508 522 572 569 Inter
593 530 791 570 caeteros·tamen

119 587 280 636 Themistoclis
299 588 447 636 adolescentis
458 588 531 650 gloria
546 588 644 641 emicuit,
656 588 680 633 in
688 589 793 650 quojarn

119 660 175 700 tune
191 653 278 700 indoles
295 651 379 699 futurae
399 652 550 714 imperatoriae
572 652 664 700 virtutis
682 654 796 713 appanur.

121 715 239 780 Cynaegiri
251 732 346 779 quoque,
357 717 436 763 militis
446 717 601 772 Atheniensis,
617 717 691 779 gloria
701 719 796 779 magnis

120 783 255 844 scriptorum
267 783 370 829 laudibus
384 782 496 829 celebrata
513 788 564 839 est;
581 782 627 843 qui,
646 788 699 843 post
715 779 794 843 proelii

120 847 251 894 innumeras
267 847 348 901 caedes,
372 861 423 892 cum
444 846 560 910 fugientes
582 847 658 893 hostes
678 845 706 893 ad
721 861 795 895 naves

121 913 212 974 egisset,
220 918 324 959 onustam
333 925 414 958 navem
422 910 502 959 denuit
511 926 579 959 manu
591 912 670 966 tenuit,
679 926 722 958 neo
730 912 796 973 prius

121 976 213 1032 dimisit,
227 977 296 1037 quam
303 990 396 1022 manum
406 976 532 1023 amitteret:
552 983 600 1023 tum
611 991 702 1037 quoque
713 991 796 1039 ampu-

120 1039 169 1088 tata
184 1039 268 1096 dextri,
284 1055 367 1094 navem
384 1039 475 1087 sinistri
485 1042 668 1103 comprehendit;
685 1056 752 1102 quarn
770 1049 797 1100 et

120 1105 192 1169 ipsam
203 1121 254 1153 oum
263 1106 380 1161 amisisset,
391 1106 420 1152 ad
429 1113 568 1167 postremum
575 1121 653 1153 morsu
661 1120 743 1153 navem
754 1106 797 1154 de-

122 1171 196 1217 tinuit
229 1169 327 1218 Tantam
344 1172 368 1217 in
386 1186 413 1217 eo
429 1171 537 1218 virtutem
556 1170 632 1225 fuisse,
651 1178 677 1217 ut
694 1185 741 1218 non
758 1178 796 1218 tot

122 1236 221 1283 aaedibus
230 1235 345 1299 fatigatus,
354 1250 399 1282 nou
411 1235 496 1282 duabus
504 1237 606 1283 manibus
617 1235 705 1283 arnissis
711 1236 795 1292 victus,

95 1313 98 1319 ·
122 1307 216 1349 truncus
230 1302 259 1348 ad
269 1307 448 1364 postremum,·et
459 1301 528 1347 veluti
540 1300 615 1348 rabida
623 1300 678 1355 fera,
690 1301 796 1348 dentibus

123 1365 276 1415 dimicaverit!
311 1364 419 1413 Ducenta
429 1366 499 1412 miliia
511 1364 589 1412 Persae
599 1381 626 1411 eo
638 1365 726 1427 proelio,
746 1365 797 1413 sive

125 1430 249 1494 naufragio,
268 1430 369 1479 amisere.
411 1427 501 1478 Cecidit
518 1440 543 1477 et
562 1430 665 1492 Hippias,
682 1437 796 1492 tyrannus

60 1516 65 1523 ·
126 1496 280 1551 Atheniensis,
290 1503 370 1544 auctor
380 1502 403 1542 et
414 1495 515 1543 concitos
524 1496 573 1559 ejus
580 1495 639 1553 belli,
649 1493 703 1542 Diis
715 1497 797 1559 patrie

125 1561 235 1609 ultoribus
242 1577 321 1624 poenas
330 1560 489 1623 repetentibus.

127 1647 130 1655 ’
157 1626 191 1674 K
208 1626 299 1674 interes
308 1625 434 1680 etDarius,
447 1642 499 1673 cum
513 1625 597 1673 bellum
611 1626 753 1680 instauraret,
770 1627 797 1674 iu

124 1691 173 1754 ipso
185 1699 291 1755 apparatu
299 1692 392 1745 decedit,
405 1691 489 1738 relictis
498 1691 576 1738 multis
586 1691 644 1745 filiis,
656 1700 679 1738 et
690 1694 714 1738 in
723 1707 797 1754 reguo

126 1764 150 1804 et
160 1764 213 1803 ante
223 1771 319 1819 regnum
331 1757 447 1816 susceptis.
480 1755 520 1804 Ex
530 1757 565 1802 his
576 1756 713 1804 Artemenes
723 1756 797 1803 maxi·

125 1835 177 1869 mus
193 1828 255 1874 natu,
267 1822 341 1867 aetatis
350 1820 476 1883 privilegio,
494 1836 590 1883 regnum
601 1821 642 1868 sibi
653 1822 781 1868 vindicabat
787 1838 797 1878 ;

128 1887 188 1947 quod
195 1886 266 1948 juset
276 1883 332 1932 ordo
343 1887 448 1933 nascendi
460 1892 483 1934 et
494 1894 573 1933 natura
583 1887 631 1948 ipsa
638 1886 745 1948 gentibus
757 1883 798 1932 de-

127 1951 167 2000 dit.
201 1949 273 1998 Porro
292 1948 383 1996 Xerxes
402 1952 579 1998 controversiam
600 1966 646 1998 uon
664 1951 693 1997 de
709 1952 797 2010 ordine,

128 2018 168 2065 sed
178 2016 207 2063 de
218 2015 323 2062 nascendi
337 2014 450 2069 felicitate,
463 2014 585 2063 referebat:
606 2013 740 2077 “Namque
751 2016 799 2062 Ar-

128 2089 234 2129 temenen
251 2081 349 2143 primum
368 2081 459 2141 quidem
474 2079 554 2134 Dario,
576 2080 615 2127 sed
630 2081 727 2141 privato,
745 2095 799 2142 pro·

126 2147 230 2195 venisse:
244 2162 269 2193 se
277 2146 430 2208 regiprimum
441 2154 527 2193 natum.
551 2144 641 2192 Fratres
649 2146 724 2205 itaque
736 2151 800 2199 suos,

128 2213 166 2274 qui
181 2218 234 2258 ante
252 2211 323 2273 geniti
341 2217 423 2265 essent,
436 2213 546 2273 privatum
557 2211 725 2272 patrimonium,
737 2210 801 2270 quod

128 2293 156 2324 eo
168 2284 269 2337 tempore
279 2274 365 2322 Darius
375 2277 494 2329 habuisset,
504 2290 549 2321 non
559 2290 660 2337 regnum,
671 2274 712 2320 sibi
724 2276 801 2321 vindi·

129 2357 180 2389 esre
190 2339 272 2403 posse:
292 2356 317 2386 se
328 2356 384 2395 esse,
400 2356 468 2401 quem
483 2340 579 2402 prImum
598 2340 622 2385 in
638 2354 736 2401 aeguum
749 2341 801 2401 jsm

127 2421 170 2453 sex
178 2412 241 2468 pater
250 2405 371 2451 sustulerit
401 2403 800 2465 HueaccederequodArtemenes,

129 2485 176 2518 non
193 2476 256 2531 patre
273 2475 369 2524 tantum,
389 2469 428 2515 sed
438 2477 462 2516 et
472 2476 543 2515 matre
553 2469 647 2531 privatoe
663 2469 736 2515 adhuc
752 2468 802 2515 for-

129 2542 199 2587 tunae,
215 2548 258 2580 avo
269 2547 359 2593 quoque
375 2541 476 2580 materno
493 2534 589 2595 privato,
607 2540 736 2596 procreatus
754 2534 799 2581 sit:

130 2614 155 2646 se
166 2613 221 2646 vero
238 2604 262 2643 et
276 2604 349 2644 matre
361 2595 440 2660 regini
458 2605 543 2651 natum,
561 2606 584 2644 et
594 2604 680 2661 petrem
692 2613 740 2645 uon
757 2599 803 2646 nisi

130 2679 209 2728 regem
221 2662 318 2720 uidisse,
337 2677 403 2712 avum
419 2676 509 2726 orsaque
522 2669 650 2712 maternum
669 2659 759 2725 Cyrum
777 2678 803 2712 ss
