1800 2942
92 159 147 211 Car.
156 164 197 211 61.
316 159 521 212 JUGURTHA,
722 164 756 212 88

93 332 96 340 .
119 291 174 340 Lx
190 291 285 340 Eodem
292 298 394 353 tempore
404 293 463 355 apud
473 292 565 339 Zamam
576 289 660 354 magni
671 292 755 340 vicer-

89 359 179 406 tabatur.
214 357 261 404 Ubi
278 358 373 418 quisque
391 358 480 419 legatus
494 365 533 404 aut
543 356 645 404 tribunus
656 358 763 414 curabat,

89 438 114 473 eo
123 438 240 470 acerrume
250 423 306 478 niti,
323 436 397 482 neque
407 422 464 468 eiius
473 424 497 468 in
509 423 553 468 aiio
563 423 636 484 magis
650 436 718 482 quam
730 424 754 469 in

88 503 134 535 sese
150 502 215 550 spem
231 488 326 533 habere:
344 488 429 548 pariter
445 488 548 549 oppidani
565 501 646 549 egere:
665 503 754 550 oppug-

18 556 19 611 ᾗ
88 568 144 608 rore,
154 560 196 601 eut
206 566 284 614 parare
295 553 399 598 omnibus
408 552 478 598 locis:
498 552 585 599 avidius
595 552 659 599 alteri
670 553 756 599 alteros

87 619 191 670 minse,
213 631 280 677 quam
307 623 378 663 semet
395 624 490 678 tegere:
515 617 607 672 clamor,
627 619 755 680 pennixtus

18 676 19 707 ³
86 683 217 735 hortatione,
237 679 324 735 taetitit,
340 681 435 742 gemitu,
449 682 505 728 item
516 682 620 744 strepitus
631 697 752 737 armorum,

18 774 19 795 r
85 745 286 797 rdeoelumferri:
305 746 350 795 tela
360 747 473 806 utrimque
483 746 569 793 volare.
601 747 646 794 Sed
663 747 754 808 illi,qui

18 812 19 825 ¹
86 813 169 861 menia
184 806 337 864 defensabant,
348 812 385 857 ubi
396 812 474 858 hostes
487 811 601 873 paululum
613 812 682 858 modo
691 828 752 874 pug-

18 876 19 933 ᾗ
86 893 135 923 uam
154 876 295 929 remiserunt,
308 877 390 922 intenti
404 876 510 938 proelium
526 884 630 936 equestre
645 892 754 939 prospec-

84 943 172 989 tabant:
191 956 239 996 eos,
258 941 292 987 uti
309 956 405 1002 quaeque
418 939 541 1003 Jugurthae
551 957 588 989 res
598 950 669 997 erunt,
686 942 754 989 iaetoa

84 1008 157 1062 modo,
176 1007 247 1055 modo
256 1007 350 1067 panidos
359 1007 565 1054 animadverteres:
584 1023 618 1063 ac,
630 1008 696 1054 sicuti
710 1022 751 1054 au-

86 1072 124 1121 tiri
135 1088 149 1120 a
160 1073 208 1119 suis
219 1079 258 1118 aut
268 1072 329 1117 cerni
340 1079 440 1133 possent,
450 1087 545 1119 monere
555 1072 599 1128 eiii,
610 1073 647 1119 alii
658 1072 753 1126 hortari,

85 1145 120 1184 aut
129 1152 201 1185 mnuu
211 1135 344 1198 significare,
355 1146 394 1183 aut
404 1137 445 1183 niti
457 1138 593 1199 corporibus,
604 1146 628 1184 et
635 1138 679 1185 huc
687 1137 751 1193 illuc,

84 1203 143 1262 quasi
162 1202 286 1255 vitabundi,
306 1208 345 1247 aut
358 1203 469 1264 jacientes
485 1202 539 1256 teia,
556 1202 649 1264 agitare.
682 1200 752 1255 Quod

86 1267 119 1314 abi
129 1266 209 1314 Mario
220 1267 338 1327 cognitum
349 1275 385 1314 est
395 1267 486 1330 (aramis
494 1268 517 1312 in
528 1263 556 1313 ei
565 1273 629 1326 parte
639 1264 753 1326 curabat),

86 1333 189 1379 consulto
205 1331 279 1378 lenius
293 1347 366 1393 agere,
385 1346 414 1378 ac
428 1331 574 1379 diffidentiam
585 1333 616 1378 rei
628 1332 749 1379 simulare:

67 1424 74 1432 -
85 1398 128 1457 peti
138 1397 254 1446 Numidas
264 1396 313 1444 sine
323 1397 422 1443 tumultu
433 1397 494 1459 regis
504 1397 608 1458 prcelium
618 1397 698 1443 risere.
716 1395 753 1444 lta

84 1461 125 1509 iilis
131 1463 208 1510 studio
216 1476 309 1509 suorum
317 1462 435 1516 adstrictis,
444 1468 537 1524 repente
542 1459 625 1523 magni
630 1462 654 1508 vi
662 1476 752 1508 murum

85 1527 228 1590 aggreditur:
247 1528 325 1589 etjam
332 1527 398 1574 scalis
405 1527 657 1590 egressirnilitesprope
665 1541 755 1575 summe

83 1600 195 1653 ceperant,
206 1606 259 1637 cum
271 1592 374 1653 oppidani
392 1598 544 1649 eoncurrunt3
558 1591 652 1654 lapides,
668 1592 753 1654 ignem,

85 1656 125 1703 uia
134 1664 246 1717 praeterea
257 1657 302 1702 tela
312 1658 427 1719 ingerunt.
459 1656 541 1704 Nostri
549 1659 625 1719 primo
633 1658 752 1705 resisterez

86 1719 171 1776 ddnde,
189 1722 228 1768 ubi
244 1736 298 1768 unae
308 1729 376 1782 atque
385 1721 462 1769 alterae
473 1723 539 1770 scalae
550 1724 702 1778 comminutae,
713 1724 754 1784 qui
768 1756 771 1761 ,

86 1793 266 1848 supersteterant,
289 1786 366 1833 afflicti
384 1794 453 1843 aunt3
478 1788 555 1835 caeteri
573 1805 663 1850 quoquo
685 1788 753 1836 modo

85 1849 185 1911 potuere,
200 1851 268 1913 pauci
285 1852 376 1913 integri,
393 1867 479 1915 magna
490 1868 541 1916 pars
558 1854 655 1901 consecti
671 1853 752 1900 volne-

86 1916 153 1992 ribus,
166 1917 258 1965 abeunt.
289 1915 398 1979 Denique
410 1918 523 1979 utrimque
538 1919 642 1982 proelium
654 1931 703 1964 nox
717 1917 753 1963 di-

84 1988 186 2096 Ἳξΰ
202 2045 320 2102 Meteilus,
331 2055 450 2110 postquam
457 2047 519 2095 ridet
528 2048 610 2096 iiustra
621 2048 734 2108 inceptum
743 2064 752 2104 3

86 2124 158 2171 aeque
167 2111 274 2173 oppidum
289 2114 346 2174 capi,
365 2127 438 2174 neque
456 2111 605 2174 Jugurtham,
621 2113 667 2159 nisi
676 2126 707 2158 ex
715 2113 754 2159 iu·

18 2198 19 2201 ¹
85 2176 150 2230 cidiis,
165 2183 206 2223 aut
217 2191 259 2223 suo
269 2177 321 2223 loco
336 2193 438 2238 pugnam
451 2176 532 2232 facere,
549 2185 572 2225 et
587 2179 637 2240 jam
650 2184 752 2224 aestatem

85 2248 185 2287 exactam
205 2256 262 2295 esse,
280 2242 308 2291 ab
325 2241 395 2289 ant
411 2242 520 2288 discedit:
539 2250 562 2288 et
573 2243 596 2287 in
607 2243 642 2287 bis
654 2242 751 2297 urbibus,

83 2318 133 2363 quae
140 2306 168 2352 ad
176 2321 202 2351 se
209 2306 343 2361 deiecerant,
355 2308 454 2366 satisque
460 2306 611 2353 munitaeloco
620 2313 658 2352 aut
669 2308 752 2354 moeni·

18 2424 19 2427 Ἴ
83 2367 124 2415 bus
141 2377 212 2424 erant,
231 2371 336 2433 praesidia
351 2372 454 2432 imponit.
492 2370 609 2419 Ceterum
627 2371 752 2416 exercitum

84 2431 108 2479 iu
124 2436 262 2496 provinciam
283 2433 347 2497 [quae
366 2451 477 2498 proxuma
495 2443 531 2482 est
552 2433 680 2496 Numidiae]
702 2434 751 2477 hie·

84 2501 156 2546 mandi
165 2497 241 2562 gratini
251 2501 356 2547 collocat..
385 2500 469 2561 Neque
479 2500 502 2546 id
510 2507 608 2560 tempus,
619 2512 648 2544 ex
656 2497 753 2541 aliorum

83 2575 150 2619 more,
173 2566 244 2626 quieti
263 2572 302 2613 aut
321 2566 417 2612 luxuriae
435 2565 554 2612 coneedit:
577 2561 623 2614 aed,
645 2559 752 2631 quqniar'n

83 2629 148 2676 mis
168 2630 255 2679 bellum
271 2644 350 2692 parum
372 2629 515 2691 procedebat,
535 2626 627 2673 iusidias
646 2635 694 2694 regu
711 2630 753 2678 pet

81 2693 164 2742 &uiuos
173 2694 274 2753 tendere,
286 2702 310 2744 et
320 2708 397 2743 eorum
409 2690 502 2759 perfidiis
508 2706 550 2754 pro
560 2687 628 2739 armis
638 2691 673 2731 uu
682 2686 753 2743 paret.

547 2767 558 2800 1
