1800 2942
218 154 355 208 JUSTINI
372 152 427 202 Lu.
436 149 486 202 111.
503 154 563 206 Cur.
574 161 599 204 4.
695 161 743 209 rts

72 288 175 339 omnium
194 288 312 349 aequsliter
328 288 388 335 inter
409 287 590 342 omnes-divisit,
612 294 639 335 ut
657 296 745 349 squaru

72 353 209 419 patrimonia
228 353 340 400 neminem
360 353 510 415 potentiorem
529 353 599 399 altero
618 353 744 402 redderent.

74 419 201 469 convivari
213 432 293 464 omnes
311 417 399 479 publice
405 418 482 481 Jussit,
492 432 522 464 ne
532 419 597 482 cujus
612 418 697 465 divitiae
707 420 745 467 vel

72 485 163 532 luxurio
181 483 311 529 inocculto
330 490 413 530 essent.
445 482 571 531 Juvenibus
587 497 634 529 non
650 484 746 546 amplius

73 548 120 597 und
127 555 192 595 veste
203 548 236 595 uti
244 555 293 594 toto
305 562 365 595 enno
376 546 483 611 permisit,
495 562 537 594 nec
548 563 683 609 quemquam
695 549 744 595 cul·

72 615 119 662 tius
130 628 198 676 mam
211 613 306 659 alterum
317 613 432 675 progredi,
448 627 491 659 neo
509 613 594 675 epulari
611 614 745 676 opulentius,

73 695 104 726 ne
114 679 212 725 imitatio
220 678 244 724 in
254 678 367 724 luxuriam
376 683 511 725 verteretur.
544 676 631 725 Pueros
642 680 744 741 puberes,

73 759 121 791 non
140 744 164 790 in
181 741 263 803 forum,
284 742 362 789 sedin
379 758 468 805 agrurn,
485 742 564 789 deduci
580 745 702 806 praeeepit3
719 753 746 792 ut

72 810 161 872 primos
177 822 250 854 annos
260 822 306 854 non
317 807 341 853 in
351 805 447 864 luxurii,
464 807 504 855 sed
519 808 543 854 in
560 824 627 871 opere
643 818 666 856 et
676 810 701 855 in
711 810 745 857 la·

72 872 167 921 boribus
176 878 278 935 agerent.
310 871 376 918 Nihil
387 887 426 919 eos
438 873 511 919 somni
519 872 587 920 causi
598 874 745 932 substernere,

73 946 99 986 et
109 940 180 984 vitam
192 937 241 984 sine
250 938 367 999 pulmento
378 937 467 999 degere,
480 951 552 999 neque
562 939 624 1000 prius
632 939 656 985 in
667 941 746 986 urbem

73 1004 156 1057 redire,
167 1017 234 1062 quam
245 1002 288 1049 uiri
298 1001 353 1049 fseti
363 1009 448 1061 essent,
460 1002 545 1049 statuit.
577 1003 686 1066 Virgines
697 1006 747 1052 sine

73 1070 128 1116 dote
139 1068 224 1114 nubere
233 1068 317 1129 jussit3
335 1074 361 1114 ut
371 1082 454 1132 uxores
467 1067 604 1129 legerentur,
617 1084 662 1115 non
677 1085 747 1131 pecu·

73 1135 137 1192 niae3
159 1133 303 1193 severiusque
324 1131 467 1178 matrimonia
485 1147 527 1178 sus
544 1134 588 1179 viri
609 1134 746 1190 coercerent,

74 1214 128 1246 eum
140 1197 208 1244 nullis
219 1197 277 1244 dotis
283 1197 353 1243 frenis
363 1203 501 1243 tenerentur.
534 1196 663 1244 Maximum
673 1200 747 1255 hono-

74 1279 131 1318 rem,
143 1276 190 1309 non
201 1262 296 1309 divitum
307 1269 331 1309 et
340 1262 473 1324 potentium,
485 1260 525 1307 sed
535 1277 576 1324 pro
590 1263 662 1324 gradu
674 1265 749 1311 aetatis
769 1285 770 1288 ¹

74 1343 165 1381 senum,
184 1342 234 1374 esse
252 1327 340 1374 voluit:
360 1342 402 1373 nec
419 1341 474 1373 sane
484 1341 579 1387 usquam
591 1334 701 1374 terrarum
711 1328 747 1375 lo-
783 1328 786 1334 '

74 1409 129 1441 oum
146 1393 314 1439 honoratiorem
332 1399 436 1439 senectus
453 1392 527 1439 habet.
562 1390 623 1439 Haec
642 1394 748 1453 quoniam

74 1460 158 1522 primo,
170 1458 249 1504 solutis
260 1465 327 1505 antes
336 1458 442 1510 moribus,
460 1457 515 1504 dura
526 1456 615 1505 videbat
625 1473 683 1515 esse,
695 1473 748 1505 auc-

74 1532 151 1571 torem
162 1537 240 1569 eorum
253 1522 383 1585 Apollinem
394 1521 533 1584 Delphicum
543 1521 617 1584 fingit,
629 1529 652 1569 et
659 1523 712 1569 inde
723 1539 750 1571 se

74 1604 104 1637 ea
114 1603 145 1635 ex
161 1594 275 1650 praecepto
294 1588 392 1634 numinis
410 1587 523 1642 detulisse,
544 1595 569 1633 ut
586 1590 749 1636 consuescendi

74 1654 171 1702 rodium
186 1660 261 1699 metus
275 1653 392 1715 religionis
407 1653 492 1699 vincat.
523 1650 587 1699 Dein
599 1661 624 1699 ut
634 1655 749 1702 aeternite-

74 1727 123 1767 tem
132 1717 223 1779 legibus
234 1718 281 1764 suis
291 1718 361 1772 deret,
371 1717 519 1780 JureJursndo
529 1718 614 1780 obligat
625 1719 747 1775 civitatem,

74 1784 132 1832 nibil
143 1798 185 1830 eos
196 1782 224 1828 de
234 1784 282 1845 ejus
292 1782 380 1845 legibus
387 1789 521 1837 mutaturos,
531 1783 660 1845 priusquam
671 1801 748 1846 revere

74 1857 179 1897 tereturt
198 1855 222 1893 et
233 1848 328 1903 simulat,
341 1863 366 1895 se
376 1848 404 1895 sd
415 1849 530 1895 oraculum
547 1847 684 1912 Delphicum
695 1867 749 1912 pro-

75 1914 156 1968 ficisci,
174 1912 336 1966 consulturum,
357 1913 412 1973 quid
428 1913 555 1960 addendum
572 1914 749 1975 mutandamque

73 1980 165 2042 legibus
175 1978 296 2025 videretur.
333 1976 486 2026 Proficiscitur
496 1986 572 2025 sutem
590 1978 690 2033 Cretam,
708 1980 751 2025 ibi-

74 2060 121 2105 que
131 2049 265 2107 perpetuum
276 2042 380 2090 exsilium
396 2044 453 2105 egit,
472 2044 581 2115 abjicique
591 2045 615 2090 in
626 2058 687 2090 mare
698 2059 751 2091 ossa

75 2125 119 2157 sus
129 2109 231 2155 moriens
237 2109 319 2171 jussit;
337 2124 373 2165 ne,
390 2108 467 2155 relatis
478 2108 650 2162 Lacedaemona,
664 2108 751 2156 solutos

75 2190 101 2222 se
113 2174 220 2237 Spartani
231 2172 340 2235 religione
346 2174 493 2238 jurisjurandi
504 2175 527 2220 in
536 2173 684 2221 dissolvendis
693 2174 751 2237 legi-

75 2241 118 2288 bus
129 2240 299 2286 arbitrarentur.

110 2303 157 2351 lv.
175 2302 223 2350 His
234 2303 304 2365 igitur
314 2303 412 2351 moribus
424 2303 457 2351 ita
466 2303 529 2350 brevi
540 2303 619 2350 elvitas
630 2303 752 2362 convaluit,

76 2377 112 2428 ut,
124 2384 179 2417 eum
191 2367 321 2424 Messeniis,
333 2376 424 2431 propter
435 2369 547 2431 stupratus
554 2369 655 2431 virgines
666 2384 718 2416 suas
728 2371 753 2416 in

40 2447 46 2454 ·
76 2434 178 2483 sollenni
196 2432 367 2484 Messeniorum
384 2433 499 2489 sacrificio,
517 2432 601 2480 bellum
617 2434 754 2489 intulissent,

75 2495 215 2564 gravissimi
234 2513 259 2545 se
277 2499 432 2546 exsecratione
451 2499 620 2555 obstrinxerint,
636 2514 682 2546 non
693 2499 755 2560 prius

76 2580 147 2627 quam
160 2563 295 2612 Messeniam
311 2562 489 2626 expugnissent,
505 2580 648 2622 reversuros3
665 2570 755 2609 tantum

78 2631 121 2679 subl
131 2629 212 2679 uelde
227 2630 314 2678 viribus
333 2630 386 2685 suis,
402 2630 440 2676 vel
458 2630 486 2677 de
502 2628 594 2677 fortuna
611 2628 755 2691 spondentes.

76 2695 143 2753 ΟΜ
158 2710 198 2744 rer
216 2695 306 2746 initium
325 2695 473 2747 dimensionis
490 2695 596 2753 Graecire,
613 2700 639 2741 et
657 2690 757 2740 intestini
