1800 2942
113 163 160 214 iss
263 157 401 210 susmru
416 157 512 208 nnn
529 139 624 210 cm.

110 292 151 348 Et,
163 308 192 340 ne
202 290 313 339 feliciores
324 291 374 338 aliae
385 290 435 337 nliis'
445 289 584 346 viderentur,
593 290 660 342 viros,
671 290 711 350 qui
720 291 783 340 domi
802 349 808 357 ἢ

112 366 271 412 remanserunt.
289 354 432 403 interficiunt.
466 353 584 401 Ultionem
601 369 692 415 quoque
708 373 783 404 caeso-

111 439 162 470 rum
179 424 310 485 conjugum,
329 420 428 467 exscidio
438 417 586 464 finitimorum
605 433 786 480 consequuntur.

112 487 174 535 Tum
184 502 240 550 psce
250 487 318 533 armis
328 482 429 546 quaesiti,
446 499 476 529 ne
485 498 560 545 genus
574 484 681 539 interiret,
696 500 793 546 concu-⁴

111 554 183 600 bitum
194 552 340 598 finitimorum
351 551 437 597 ineunt·
460 548 485 594 Si
495 548 533 609 qui
544 564 618 595 mores
628 560 784 609 nascerentur,
793 583 795 588 «

112 616 282 665 interficiebant.
314 614 423 675 Virgines
443 614 468 659 in
490 613 594 660 eumdem
616 614 670 675 ipsis
686 621 788 673 morern,'

112 698 159 730 non
171 683 217 729 otio
229 695 302 741 neque
316 678 420 734 lnnilicio,
437 678 477 725 sed
487 679 562 733 annis,
573 679 643 739 equis,
654 682 783 728 venationi·

72 754 76 762 ’
112 749 154 796 bus
164 747 305 801 exercebunt,
321 746 401 791 inustis
412 742 523 790 insontum
535 743 698 791 dexterioribus
708 761 783 793 mam·

34 815 41 826 ’
112 813 162 866 mis,
174 827 203 860 ne
214 811 346 873 sagittarum
358 811 434 872 J‘sctus
452 809 597 870 impediretur
605 825 613 867 3
629 809 691 856 unde
705 812 783 858 Amo·

112 892 180 925 sones
197 877 264 923 dicte
275 883 335 922 sunt.
367 874 430 921 Duae
441 874 477 921 his
488 875 574 936 reginae
582 871 652 929 suere,
664 874 783 939 Marpesia

112 949 136 989 et
148 940 271 1003 Lsmpedo
282 954 341 1001 quae,
360 940 385 985 in
395 939 451 986 duas
461 947 537 1001 partes
547 940 639 1001 agmine
649 939 733 1000 diviso,
744 943 780 989 in·

111 1006 233 1067 clytaejsm
241 1006 326 1068 opibus,
334 1004 421 1051 vicibus
428 1005 537 1067 gerebant
544 1004 609 1059 bella,
617 1004 661 1052 soli
670 1008 781 1055 terminos
801 1005 803 1012 ‘

112 1071 204 1119 alternis
215 1070 374 1126 defendentem
392 1076 422 1124 et,
433 1084 463 1116 ne
475 1070 614 1116 successibus
624 1070 714 1119 deesset
724 1077 788 1119 auci

109 1137 198 1189 toritas,
204 1136 293 1198 genitus
301 1150 326 1181 se
332 1134 409 1181 Marte
416 1135 574 1197 praedicabunt.
607 1132 687 1197 Itaque
693 1138 788 1200 meiere*
799 1127 804 1133 ¹

112 1209 176 1264 parte
187 1200 287 1263 Europae
298 1198 394 1254 subacti,
413 1200 477 1246 Asiae
491 1215 580 1261 quoque
591 1200 711 1248 nonnullas
722 1203 779 1250 civi·
851 1194 859 1207 '

113 1274 171 1314 tetes
184 1263 328 1328 occupavire.
362 1263 396 1312 lbi
408 1264 509 1327 Epheso,
521 1265 643 1325 multisque
656 1266 706 1312 aliis
718 1268 779 1315 urbi·

112 1332 154 1379 bus
173 1332 276 1385 conditis,
292 1337 378 1393 partem
396 1330 509 1377 exercitus
530 1345 582 1377 cum
601 1331 688 1392 ingenti
704 1331 781 1393 praedd

112 1396 205 1444 domum
215 1397 338 1444 dimittunt.
370 1395 481 1455 Reliquae,
493 1411 545 1457 quae
556 1397 584 1442 ad
595 1396 704 1442 tuendum
716 1398 781 1446 Asiae

112 1461 230 1575 illiti
238 1461 781 1588 1‘etth‘tthttssffltnlilithtlt

112 1543 340 1655 ejusrpgtrerggoegno
352 1591 451 1638 succedit
456 1607 464 1647 ;
482 1592 525 1645 cui,
542 1598 625 1653 praeter
641 1592 780 1653 singularem

112 1657 164 1704 belli
179 1657 303 1711 scientium,
318 1657 400 1703 eximia
416 1663 512 1703 servotae
526 1655 550 1702 iu
567 1671 634 1703 omne
645 1671 722 1703 aevum
732 1659 780 1704 vir·

112 1723 213 1784 giuitotis
224 1722 340 1769 admiratio
351 1720 401 1768 luit.
434 1719 513 1784 Hujus
523 1721 607 1768 virtute
617 1727 705 1767 tantum
716 1723 787 1772 addis

112 1795 161 1833 tum
173 1786 253 1848 gloriae
264 1793 287 1833 et
296 1785 364 1833 famae
376 1786 522 1832 Amazonum
533 1794 575 1840 est,
587 1793 612 1833 ut
624 1785 720 1834 Herculi
733 1803 781 1843 rex,

113 1851 150 1899 cui
171 1850 289 1898 duodecim
308 1850 418 1911 stipendia
436 1851 536 1906 debebat,
551 1852 614 1912 quusi
635 1851 781 1926 impossibile,

112 1916 781 2043 httfftib‘ttttttisstttth{iiiut
792 1969 804 1981 ²

129 2047 238 2109 rincipum
247 2046 346 2094 Graeciae
352 2047 480 2107 juventute,
491 2046 634 2108 inopinantes
639 2048 788 2108 aggreditur,

112 2062 177 2159 liuae
184 2119 232 2158 tum
244 2126 332 2158 sorores
343 2109 490 2157 Amazonum
500 2126 572 2173 regna
582 2111 714 2167 tractabant,
727 2113 781 2161 An·

113 2176 174 2239 tiope
184 2183 208 2223 et
216 2176 312 2233 Otrere;
324 2191 418 2237 quarum
429 2175 512 2223 Otrere
522 2176 577 2223 ioris
586 2176 669 2223 bellum
679 2179 781 2238 gerebat.

114 2239 189 2304 Igitur
204 2256 256 2288 cum
268 2240 382 2288 Hercules
395 2241 424 2287 sd
438 2241 492 2287 litus
503 2241 649 2289 Amazonum
666 2242 782 2302 applicuit,

112 2305 242 2367 infrequens
257 2306 377 2353 multitudo
388 2321 439 2353 cum
453 2305 553 2368 Antiopb
563 2305 647 2369 regini,
666 2307 723 2353 nibil
739 2309 783 2355 bo·

113 2372 164 2418 stile
174 2378 296 2424 metuente,
308 2379 363 2418 erat.
396 2369 449 2425 Qud
465 2386 490 2417 re
505 2371 610 2418 effectum
627 2377 668 2425 est,
685 2378 711 2418 ut
722 2388 779 2433 pau·

113 2450 148 2482 oae
159 2436 275 2497 repentino
286 2436 385 2481 tumultu
400 2435 488 2489 excitae,
504 2451 566 2483 arma
584 2444 704 2489 sumerent,
723 2437 779 2484 saci·

111 2499 203 2560 lemque
224 2499 341 2546 victoriam
355 2500 457 2546 hostibus
478 2499 565 2548 durent.
598 2500 681 2547 Multoe
703 2501 782 2562 itaque
874 2557 877 2566 y

113 2578 187 2618 caesae,
210 2571 342 2624 captaeqne;
369 2563 392 2608 in
414 2564 449 2609 his
473 2564 525 2613 duae
546 2565 655 2627 Antiopae
680 2580 779 2620 sorores,

113 2626 244 2690 Menalippe
261 2628 289 2674 nb
308 2626 415 2681 Hercule,
435 2626 562 2691 Hippolyte
578 2628 701 2676 sTbeseo·
734 2630 781 2677 Sed

113 2689 223 2751 Theseus,
231 2689 324 2742 obtenti
334 2693 357 2741 in
365 2693 483 2756 praemium
489 2691 583 2759 captivi,
591 2694 692 2745 eamdem
698 2694 723 2742 in
730 2709 781 2744 ma·
