1800 2942
183 163 230 209 180
325 156 463 208 JUSTINI
480 155 591 206 Luna
609 156 668 208 Car.
679 161 703 206 4.

177 287 309 336 bellicatus
327 294 350 335 et
366 288 432 350 origo
441 286 493 335 fuit.
526 285 613 349 loque.
625 302 687 341 cum,
698 294 778 335 contra
786 302 838 350 pra·

178 352 314 400 sumtiouem
334 366 405 407 suam,
421 352 487 399 annis
505 352 582 400 decem
604 353 627 398 in
649 352 767 400 obsidione
786 353 839 401 urbis

178 424 315 472 tenerentur,
332 423 356 465 et
372 417 469 477 querelis
481 432 575 463 uxorum
587 425 639 479 post
649 424 696 464 tam
707 417 798 479 longam
808 418 838 463 ri·

176 482 285 529 duitatem
296 488 469 539 revocarentnr3
486 482 558 535 veriti,
576 497 605 528 ne
623 483 665 528 hac
681 479 839 544 perseverantii
860 523 862 525 ,

176 546 229 594 belli
239 547 332 609 gravim
342 546 383 593 sibi
394 561 462 608 quam
473 546 597 594 Messeniis
611 547 736 604 nocerent';
754 547 846 610 (quippe

175 611 220 658 illis
236 618 345 672 quantum
362 612 490 673 juventutis
505 610 564 658 bello
584 612 710 675 intercidat,
727 612 837 658 mulierum

176 675 314 723 fecunditate
332 676 445 738 suppleri;
463 676 504 723 sibi
521 684 545 723 et
560 675 612 723 belli
622 676 707 723 damna
716 671 808 730 assidua,
817 682 838 722 et

174 740 334 788 fecunditatem
346 755 450 795 uxorum,
463 741 591 787 abmtibua
606 741 678 795 viriss
688 742 773 788 nullam
783 737 836 799 ease)

175 806 250 867 itaque
260 806 341 868 legunt
351 806 449 867 juvenes
459 820 489 852 ex
499 820 527 852 eo
537 819 622 867 genere
628 806 735 860 militum,
748 807 785 867 qui
794 811 837 867 post

171 871 329 934 JusJurandum
358 871 383 916 in
410 870 590 931 supplementum
616 879 734 927 renuant,
766 871 836 931 quibus

177 936 282 997 Spartam
299 934 398 982 remissis
420 935 560 996 promiscuos
587 934 689 981 omnium
710 934 835 982 feminarum

176 999 308 1047 concubitus
324 996 460 1061 permistim
476 999 621 1046 maturiorem
636 999 737 1046 futuram
747 1013 835 1060 concep·

175 1064 260 1111 tionem
268 1064 318 1117 rati,
328 1064 401 1110 sicam
409 1064 553 1125 singulaeper
560 1063 635 1125 plures
643 1065 707 1111 viros
714 1063 835 1127 experiren-

175 1135 220 1176 tur.
253 1126 293 1175 Ex
307 1128 343 1175 his
359 1128 414 1185 nati,
431 1130 461 1176 ob
477 1137 553 1177 notam
564 1130 660 1176 materni
671 1129 768 1191 pudoris.
780 1131 834 1177 Por·

174 1193 261 1241 ruente
272 1193 361 1240 vocati:
380 1195 419 1255 qui
429 1208 482 1241 cnm
493 1194 521 1240 ad
531 1209 602 1241 annos
618 1194 713 1256 triginta
726 1194 834 1256 persenis·

175 1249 234 1314 seul,
245 1265 308 1306 metu
318 1258 407 1320 inopiae,
417 1258 485 1321 (nulli
495 1260 556 1305 enim
566 1266 629 1321 pater
639 1260 769 1316 exsistebat,
779 1260 836 1330 cuius*
865 1313 867 1318 f

175 1325 201 1372 in
210 1324 369 1386 patrimonium
380 1324 494 1371 successio
504 1322 640 1385 speraretur)
652 1324 732 1371 ducem
745 1323 833 1371 Phalan-

175 1394 225 1437 tum
244 1396 367 1444 assumunt,
385 1386 457 1434 filiurn
478 1387 551 1442 Arati,
573 1390 611 1449 qui
633 1396 713 1436 auctor
727 1387 834 1451 Spartanis

173 1454 382 1518 fueratJuventutis
392 1453 420 1499 ad
430 1453 581 1514 generandam
592 1454 692 1502 sobolem
706 1454 795 1516 domum
803 1463 833 1498 re·
845 1501 848 1506 ,

174 1520 304 1577 mittendae3
316 1526 348 1574 nt,
359 1519 425 1566 sicuti
435 1518 520 1564 dudum
530 1530 617 1580 patrem
627 1519 677 1580 ejus
684 1519 790 1565 nascendi
798 1515 833 1563 an·

174 1593 261 1632 ctorem
276 1585 412 1638 habuissent,
433 1584 466 1629 sic
482 1583 556 1645 ipsum
572 1584 620 1644 spei
631 1598 658 1629 ac
668 1583 783 1645 dignitatis
792 1595 833 1628 suae

161 1649 288 1697 baberent.
321 1647 401 1710 Itaque
417 1663 460 1696 nec
479 1648 580 1695 salutatis
598 1648 713 1704 matribus,
724 1659 833 1709 equarum

174 1714 283 1760 adulterio
301 1712 416 1761 infamiam
430 1712 550 1774 collegisse
569 1712 712 1770 videbantur,
731 1714 759 1761 ad
777 1710 833 1760 sedet

172 1777 315 1838 inquirendas
322 1777 507 1839 proficiscuntur3
524 1778 607 1837 diuque
614 1784 638 1823 et
645 1792 686 1839 per
693 1779 834 1828 vniosernu

168 1843 257 1907 potati,
276 1843 366 1888 tandem
383 1840 512 1890 iniuriam
534 1841 673 1896 deferuntur,
692 1850 717 1889 et
734 1834 833 1902 occupati

173 1922 226 1955 arce
247 1905 429 1962 Tarentinorum,
457 1908 592 1969 expugnatis
613 1908 729 1955 veteribis
754 1904 833 1955 incolis

174 1974 238 2021 sedes
249 1972 278 2019 ibi
289 1972 436 2018 constituunt.
469 1973 515 2020 Sed
525 1980 577 2034 post
593 1987 665 2019 annos
676 1972 782 2034 plurimos
792 1969 832 2015 dux

172 2053 251 2086 eorum
264 2037 394 2092 Phalantus,
405 2052 445 2099 per
457 2038 589 2084 seditionem
600 2038 624 2083 in
635 2038 741 2084 exsilium
751 2041 831 2099 protur·

170 2104 244 2159 batus,
262 2102 408 2150 Brundisium
425 2117 450 2149 se
466 2103 568 2155 contulit,
586 2117 631 2163 quo
728 2100 833 2153 tsedibus

171 2169 219 2216 suis
240 2176 329 2215 veteres
346 2165 464 2214 Tarentini
480 2174 645 2214 concesserant.
705 2168 726 2214 is
743 2165 834 2213 moriens

170 2234 298 2295 persuadet,
316 2239 342 2279 ut
352 2246 404 2279 ossa
414 2247 455 2279 sua
465 2229 636 2293 postremasque
645 2232 751 2292 reliquias
761 2235 833 2293 conte

171 2305 229 2353 rant,
241 2307 264 2344 et
274 2297 341 2344 tacite
356 2297 431 2359 spargi
444 2298 470 2343 in
480 2295 531 2344 foro
547 2296 723 2343 Tarentinorum
743 2301 831 2343 curent:

145 2419 149 2428 .
170 2363 215 2410 hoc
226 2363 286 2409 enim
303 2362 371 2408 modo
381 2375 513 2424 recuperare
523 2360 574 2407 illos
584 2363 678 2421 patriam
691 2376 755 2408 suam
766 2371 833 2422 postu

171 2426 302 2488 Apollinem
321 2424 418 2486 Delphis
434 2426 549 2472 cecinisse.
581 2424 619 2471 Illi
636 2427 770 2473 arbitrantes
785 2435 833 2470 eum

169 2491 194 2537 in
216 2489 324 2536 ultionem
346 2490 381 2534 sui
402 2490 486 2535 civium
504 2489 552 2536 sata
572 2491 706 2551 prodidisse,
721 2486 833 2553 praeceptis

169 2551 270 2616 paruere.
303 2552 349 2599 Sed
358 2554 442 2599 oraculi
454 2553 542 2604 diuersa
553 2554 665 2601 sententia
674 2553 755 2606 suerat
780 2552 832 2601 Per·

168 2618 301 2680 potuitatem
319 2616 379 2663 enim
397 2617 464 2671 urbis,
483 2631 529 2663 non
545 2618 697 2673 amissionem,
717 2619 761 2665 hoc
776 2616 832 2663 facto

8 2689 24 2723 u
164 2682 308 2745 promiserat.
339 2677 376 2728 lta
393 2681 456 2728 ducis
476 2681 562 2730 exsulis
577 2682 679 2738 consilio,
696 2679 727 2731 et
739 2680 831 2732 bostiam
