1800 2942
235 157 372 239 Jus'ruu
387 185 483 237 mam
501 187 561 239 οη.
572 189 610 237 1⁵.
708 187 754 235 ns

86 319 156 383 gatis,
168 319 240 367 ituros
256 318 428 374 Lacedaemona,
445 320 484 378 qui
495 320 523 366 de
534 317 561 366 ed
576 333 601 365 re
610 317 694 380 pariter
703 331 756 364 cunr

86 386 133 433 illis
156 384 283 432 coasuhnt.
324 384 363 432 Sic
385 384 495 431 dimissis·
510 383 632 445 Spartanis,
651 384 754 429 hortatur

87 465 149 504 suos,
162 465 219 511 opus
229 457 349 497 maturent.
381 448 445 495 Dein
464 449 512 511 ipse
527 449 645 509 interjecto
655 453 756 508 tempure

86 517 112 563 ia
122 515 260 577 legationem
278 512 441 593 proficiscitur3
458 523 482 561 et
492 528 553 560 nunc
563 514 587 560 in
597 513 678 559 itinere
693 509 755 558 infir·

87 581 169 628 mitme
187 579 297 634 simulata,
315 591 376 626 nunc
394 579 521 626 tarditatem
536 578 673 640 collegarum
689 591 757 628 morr-

87 659 148 698 sans,
162 645 300 706 sinequibus
319 644 357 706 rgi
371 645 423 706 jorra
441 644 498 690 nihil
516 644 593 705 possit,
610 643 670 689 diem
681 642 709 689 de
720 640 756 688 die

84 708 229 773 proferendo,
248 710 343 771 spatium
360 708 537 755 consummando
555 708 617 770 operi
627 708 755 769 quaerebrtc

86 789 141 822 cum
152 774 242 821 interim
250 775 366 821 nuntiatur
377 773 498 835 Spartanis,
509 788 566 835 opus
582 772 757 820 Atheniensium

86 839 196 887 maturari
204 855 212 896 ς
229 838 390 901 propterquod
399 839 474 886 denuo
481 838 570 900 legatos
579 838 672 885 mittunt
683 838 711 884 sd
721 838 757 885 in-

86 903 226 967 spiciendam
243 917 298 950 rem.
338 901 399 950 Tum
421 902 587 951 Thernistocles
605 917 645 964 per
665 913 757 950 servum

86 968 257 1032 magistratibus
267 968 343 1016 scribit
353 967 535 1023 Atheniensium,
552 968 640 1032 legatos
650 968 757 1025 vinciant,

41 1077 43 1081 ,
86 1033 217 1097 pignusque
242 1039 343 1089 teneant,
365 1049 395 1081 ne
414 1034 438 1079 in
462 1049 487 1080 se
504 1033 597 1095 gravius
619 1032 757 1082 consulatur.

87 1098 155 1146 Adiit
165 1096 245 1145 deinde
264 1099 395 1146 concionem
415 1097 656 1162 Lacedaemoniorum
673 1098 758 1147 indicat

86 1162 227 1226 permusitat
246 1163 350 1210 Athenas
366 1178 422 1216 esse,
434 1169 458 1209 et
468 1178 534 1224 posse
548 1163 597 1223 Jam
613 1161 699 1209 illatum
710 1162 758 1209 bel-

87 1229 143 1283 lum,
156 1243 203 1274 non
213 1229 281 1276 armis
291 1235 386 1283 tantum,
402 1228 442 1274 sed
455 1228 523 1273 etiam
534 1226 611 1280 muris,
628 1227 755 1275 sustinere:

87 1294 107 1341 ai
119 1291 173 1355 quid
183 1292 213 1339 oh
223 1307 273 1341 eam
280 1308 327 1340 rem
339 1294 367 1340 de
375 1308 400 1340 se
407 1292 519 1339 crudelius
526 1297 659 1348 statuerent,
669 1291 758 1353 legatos

87 1373 169 1406 eorum
188 1357 212 1403 in
234 1358 276 1404 hoc
292 1358 376 1420 pignus
395 1358 493 1404 Athenis
512 1363 617 1402 retentos
651 1355 758 1404 Graviter

87 1423 170 1471 deinde
181 1422 277 1485 emtigat
296 1438 341 1478 eos,
358 1422 417 1484 quod
428 1437 474 1468 non
486 1422 575 1477 virtute,
591 1420 631 1468 sed
641 1419 758 1468 imbecilli·

87 1496 135 1536 tate
146 1488 267 1542 sociorum,
284 1488 407 1550 potentiam
426 1495 561 1547 quaererent.
594 1485 633 1532 Sic
644 1485 755 1541 dimissus,

86 1553 159 1600 veluti
179 1552 321 1614 triumphetis
351 1552 473 1615 Spartanis,
493 1566 507 1598 a
528 1550 613 1598 civibus
640 1550 758 1612 excipitur.

88 1618 147 1666 Post
158 1618 209 1664 haec
220 1616 329 1680 Spartani,
342 1617 442 1665 uenires
453 1617 500 1663 otio
510 1622 685 1678 corrumperent,
697 1622 721 1662 et
731 1624 758 1663 ut
795 1614 800 1627 ‘

87 1684 123 1731 bis
141 1682 229 1729 illatum
245 1696 259 1729 a
276 1681 351 1730 Persis
371 1683 470 1730 Graeciae
485 1680 568 1728 bellum
590 1680 757 1738 ulciscerentur,
803 1687 805 1690 '

87 1749 149 1795 ultro
159 1746 217 1794 lines
236 1762 314 1793 eorum
326 1747 497 1809 depopulantur·
529 1745 620 1794 Ducem
632 1761 673 1793 suo
684 1747 757 1793 socio-

87 1827 185 1874 rumque
192 1812 301 1859 exeroitui
309 1812 411 1874 deligunt
418 1811 560 1867 Pausaniam,
569 1812 661 1874 quipro
669 1812 759 1867 ducatu,

87 1891 186 1940 regnum
199 1876 297 1924 Graeciae
308 1876 421 1932 aii‘ectam,
432 1877 565 1940 proditionis
575 1877 693 1940 praemium
706 1892 759 1924 cum

87 1941 177 1997 Xerxe,
189 1942 278 2004 nuptias
288 1940 342 1989 filiae
352 1943 401 2004 ejus
411 1943 538 2003 paciscitur,
554 1942 646 1990 redditis
656 1942 759 2003 captivis,

87 2015 115 2054 ut
124 2006 181 2055 fides
192 2007 252 2069 regis
263 2006 337 2068 aliquo
355 2006 463 2054 beneficio
478 2008 662 2070 obstringeretur·
696 2005 758 2052 Scri-

85 2072 121 2120 bit
132 2078 243 2134 prmterea
253 2070 334 2125 Xerxi,
346 2087 499 2133 quoscumque
509 2073 537 2119 ad
549 2087 574 2118 se
584 2070 675 2118 nuntios
685 2070 760 2117 misis-

88 2145 131 2192 set,
142 2135 294 2194 interficeret3
311 2152 341 2184 ne
360 2152 396 2184 res
406 2137 541 2198 loquacitate
550 2136 666 2183 hominum
678 2135 759 2196 prode·

86 2210 157 2250 retur.
183 2201 230 2249 Sed
239 2202 285 2248 dux
297 2201 471 2249 Atheniensium
483 2201 602 2255 Aristides,
613 2198 665 2246 belli
677 2200 759 2256 socius,

87 2268 186 2329 collegae
204 2267 320 2314 conatibus
339 2268 427 2314 obviam
447 2266 528 2321 eundo,
546 2265 613 2312 simul
628 2271 653 2312 et
670 2264 694 2314 iu
711 2280 759 2313 rem

88 2332 366 2444 sfipienterltconsuletndo,
385 2331 519 2442 Pmffi‘iml'?
538 2329 760 2441 oonsiliaddiscuatsit.

115 2412 142 2444 ec
164 2412 203 2444 mu
223 2411 237 2443 o
280 2412 305 2444 os
342 2411 422 2443 accusa
433 2410 461 2441 us
504 2409 606 2442 ausamas
648 2409 714 2441 amna
726 2410 760 2442 ur.

87 2460 166 2525 Igitur
185 2412 283 2514 Xerxei.
303 2476 355 2508 cum
374 2460 506 2522 proditionis
524 2460 600 2506 dolum
622 2458 759 2522 publicatum

87 2527 183 2583 videret,
195 2540 224 2573 ex
235 2527 325 2588 integro
344 2526 426 2573 bellum
444 2525 548 2573 instituit.
583 2523 659 2573 Graeci
671 2538 760 2585 quoque

88 2592 171 2639 ducem
198 2592 339 2639 constituunt
366 2588 464 2639 Cimona
491 2590 661 2642 Atheniensem,
688 2586 760 2634 fllium

88 2655 210 2712 Miltiadis,
218 2671 264 2717 quo
275 2657 332 2704 duce
340 2656 398 2717 apud
410 2654 570 2702 Marathonem
579 2659 703 2716 pugnatum
714 2658 758 2708 est,

84 2722 203 2786 juvenem,
216 2722 279 2785 cujus
290 2721 469 2787 magnitudinem
484 2720 582 2769 futuram
594 2717 683 2783 pietatis
690 2716 759 2765 docu-
