1800 2942
146 180 194 229 258
282 172 419 229 munim
435 173 490 225 Lu.
500 170 576 225 xm.
593 174 685 227 Cant⁴

149 308 264 371 Antipatri
276 307 403 370 preficitur.
436 305 465 354 In
476 305 597 354 Bactriani
608 307 721 362 ulteriore,
737 314 761 353 ct
772 304 817 354 ln·'
895 320 896 361 5

149 375 193 421 die
205 374 341 436 regionibus,
354 374 440 436 priores
450 372 551 434 praelecti
562 372 651 418 retenti.
684 369 768 418 Terrae
778 373 813 418 in·

149 448 185 486 ter
194 453 271 485 amnes
283 437 409 499 Hydaspen
420 446 444 483 et
455 435 537 483 Indum
548 435 641 483 Taxilen
652 437 753 483 habehat.
785 434 813 483 In

150 504 251 550 colonias
267 505 291 550 in
308 501 371 549 India
387 503 488 553 conditas
506 500 596 554 Pithon,
618 502 734 562 Agenoris
749 499 813 556 lilius,

149 568 253 615 mittitur.
279 567 449 629 Paropamisioa,
462 574 485 612 et
495 565 551 611 lines
563 564 659 613 Caucasi
670 566 755 612 montis
766 565 813 612 Ex·

150 634 239 680 tarches
250 634 342 694 accepit.
375 631 493 677 Arachosii
507 630 647 689 Gedroaique
659 629 758 690 Sibyrtio
768 637 813 677 tra·

150 697 247 744 dunturz
275 695 375 743 Drancae
392 704 416 742 et
438 696 493 741 Arei
516 694 639 742 Stasanori.
683 694 815 741 Bactrianos

151 763 266 822 Amyntas
288 762 385 814 sortitur,
409 760 536 822 sogdianos
559 759 688 818 Scythaeas,
716 759 815 806 Nicanor

96 840 101 845 ·
150 825 257 879 Parthos,
270 824 527 886 PhilippuaHyrcanoa
539 823 720 884 Phrataphernes
732 824 813 870 Arme·
896 846 897 849 ¹

152 891 209 945 nius,
233 889 378 949 Tlepolemus
406 888 496 945 Persas,
525 887 647 934 Peucestes
669 887 816 949 Babylonios,

151 955 246 1001 Archon
258 953 374 1014 Pelasgos.
387 953 516 1000 Arcesilaus
527 951 725 1013 Mesopotamiam.
758 951 816 1007 Cum

54 1020 55 1025 ’
151 1020 203 1065 haec
217 1018 305 1074 divisio,
321 1017 391 1063 veluti
401 1017 469 1064 fatale
479 1032 561 1064 munus
572 1016 668 1077 singulis
678 1018 816 1079 contigisset,

152 1082 185 1129 ita
196 1097 279 1144 magna
288 1083 477 1129 incrementorum
492 1083 585 1128 materia
596 1082 698 1142 plurimis
708 1081 766 1129 fnit:
786 1083 816 1129 ai·

153 1147 250 1208 quidem,
262 1147 308 1193 ndn
318 1162 402 1207 magno
413 1155 465 1208 post
475 1155 585 1207 tempora,
601 1148 665 1207 quani
676 1160 756 1208 regna,
772 1162 816 1195 non

153 1211 299 1274 prefectnrns
315 1213 459 1268 divisissent3
476 1211 509 1257 sic
520 1226 585 1273 reges
595 1225 625 1256 ex
635 1210 750 1271 praelectis
760 1211 819 1265 faeti.

154 1292 250 1340 magnas
271 1292 324 1339 opes
346 1291 391 1323 non
411 1277 451 1322 sbi
474 1284 561 1323 tantum
578 1283 721 1337 parauerunt,
740 1291 819 1324 verum

155 1343 222 1389 etiam
234 1343 329 1404 posteris
339 1342 484 1403 reliquerunt.

189 1405 220 1454 V.
238 1406 302 1454 Dum
324 1407 372 1452 haec
394 1406 417 1451 in
439 1405 535 1453 Oriente
555 1412 659 1468 aguntur,
682 1407 707 1452 in
730 1403 822 1454 Graecii

156 1471 308 1520 Athenienses
324 1478 348 1517 et
364 1470 437 1518 AEtoli
447 1470 538 1524 bellum,
554 1472 614 1531 quod
623 1472 671 1533 jam
682 1470 737 1518 viro
749 1471 822 1517 Alex·

156 1537 227 1584 andro
236 1543 361 1590 moverant,
373 1536 467 1583 summis
476 1536 559 1582 viribus
570 1536 718 1585 instruebant.
739 1534 823 1584 Causa

156 1601 210 1648 belli
220 1609 290 1653 erant,
302 1602 361 1661 quod
372 1616 475 1647 reversus
485 1601 512 1647 ab
524 1598 590 1646 Indid
597 1600 729 1646 Alexander
737 1601 823 1661 episto-

157 1666 191 1712 las
202 1667 225 1711 in
238 1666 350 1713 Graeciam
361 1667 486 1726 scripserat.
497 1665 577 1726 quihus
587 1665 687 1712 omniurn
699 1665 822 1712 civitatium

158 1729 253 1784 exsules,
265 1736 347 1790 praeter
357 1730 425 1776 caedis
436 1730 544 1785 damnati,
555 1730 736 1777 restituebantur.
763 1729 824 1784 Qua

157 1793 266 1851 mutatae,
273 1801 384 1855 praesente
392 1792 497 1840 universi
505 1792 596 1841 Graecini
602 1794 627 1840 in
632 1801 734 1840 mercatu
741 1793 823 1855 Olym·

157 1860 229 1921 piaco.
252 1872 348 1919 magnos
365 1865 441 1904 motus
458 1858 572 1907 fecerunt:
591 1858 651 1919 quod
669 1859 761 1920 plurimi
779 1872 824 1904 non

158 1923 247 1986 tegibus
257 1923 314 1985 pulsi
324 1921 402 1984 patrii.
414 1923 453 1970 sed
461 1939 501 1985 per
507 1924 627 1970 factionem
638 1924 765 1985 principum
774 1921 824 1969 fue·

159 1995 217 2043 rant,
236 1988 363 2035 verentibus
378 1987 456 2034 iisdem
467 1989 608 2051 principibus,
625 2003 655 2034 ne
673 1988 774 2035 revocati
785 1994 826 2050 po·'

160 2055 269 2101 tentiores
279 2052 302 2099 in
314 2049 425 2114 republied
435 2052 522 2100 herent.
544 2052 622 2100 Palam
633 2053 759 2115 igitnrjam
771 2059 826 2098 tune

160 2119 240 2166 multae
250 2119 352 2165 civitates
367 2118 492 2164 libertatem
503 2118 561 2165 bello
571 2116 728 2163 vindicandam
740 2116 826 2163 freme-

159 2184 222 2230 bant.
238 2182 354 2244 Principes
363 2191 439 2230 tannen
450 2184 550 2230 omnium
563 2182 715 2228 Athenienses
723 2188 747 2228 et
755 2181 826 2228 AEto·

159 2247 177 2293 li
193 2245 263 2295 fuere.
297 2247 366 2301 Quod
386 2262 438 2294 cum
460 2247 586 2294 nuntiatum
605 2246 737 2293 Alexandro
759 2252 828 2299 esset,

161 2312 224 2358 mille
235 2326 303 2359 naves
312 2312 391 2373 longas
401 2313 469 2358 sociis
479 2313 581 2373 imperari
592 2319 736 2373 praeceperat,
745 2311 828 2372 quihus

161 2378 185 2422 in
205 2375 329 2423 Occidente
347 2376 430 2422 bellum
451 2386 555 2438 gererem
571 2390 752 2436 excumurnsque
775 2388 828 2421 cum

161 2438 236 2486 valiat
242 2453 310 2485 mann
316 2439 389 2487 fuerat
397 2442 425 2487 ad
434 2440 536 2487 Athenas
544 2440 655 2488 delendas.
668 2437 744 2502 Igitur
752 2439 828 2486 Athe·

160 2504 256 2555 aienses,
268 2511 384 2550 contracto
391 2506 484 2567 triginta
489 2506 583 2551 millium
590 2504 696 2558 exercitu,
708 2512 733 2550 et
741 2505 828 2551 dueen-

159 2568 190 2614 tis
202 2568 301 2619 naribus,
312 2567 395 2614 behnm
406 2584 458 2615 cum
471 2569 597 2631 Antipatro,
612 2569 648 2614 cui
660 2567 754 2614 Graecia
765 2574 830 2614 sorte

158 2641 270 2687 evenerat,
279 2638 376 2692 gerunt3
393 2648 491 2694 eumque
501 2634 661 2681 detrectantem
673 2632 788 2693 praelium,
804 2637 829 2676 et

159 2694 281 2746 narsum
291 2694 352 2745 urhis
362 2698 475 2745 moenibus
488 2704 588 2746 tuentem
599 2712 631 2752 se,
648 2696 767 2745 obsidione
777 2695 828 2747 cin-
