1800 2942
324 431 511 500 JUSTINI

90 589 397 688 nisronmnum'
408 615 748 679 imminentium

112 815 120 832 ν
181 795 289 846 mun
303 796 465 848 DECIMUS
475 792 654 853 QUARTUS.

120 1092 142 1139 1.
157 1092 290 1152 Emere,
307 1099 334 1140 ut
351 1093 482 1141 Perdiccam
496 1095 602 1149 occisum,
621 1109 646 1141 se
663 1095 751 1142 hostem

85 1175 101 1207 a
115 1158 280 1206 Macedonibus
291 1159 425 1223 judicatum,
444 1159 572 1219 bellumque
583 1157 702 1220 Antigono
712 1159 753 1205 de-

84 1231 175 1271 cretum
186 1225 301 1284 cognorit,
311 1224 371 1270 ultro
381 1238 409 1270 ea
419 1223 526 1270 militibus
536 1223 583 1269 suis
591 1223 706 1277 indicavit,
722 1238 752 1270 ne

85 1289 149 1336 fama
158 1295 199 1335 aut
206 1303 254 1335 rem
264 1289 289 1335 in
299 1289 371 1351 majus
379 1288 504 1344 extolleret,
516 1295 554 1335 aut
560 1287 657 1334 militum
665 1287 752 1335 ammos

85 1369 163 1401 rerum
173 1353 274 1400 novitate
283 1360 391 1411 terreret3
407 1353 474 1399 simul
485 1360 517 1408 ut,
529 1352 641 1414 quomodo
651 1353 712 1399 circa
726 1366 751 1398 se

85 1418 179 1466 animati
185 1417 750 1481 essentcogncsceretsumturusconsiliumexmo—

85 1492 113 1530 tu
122 1484 287 1530 universorum.
303 1481 442 1532 Constanter
449 1490 524 1529 tamen
531 1481 751 1544 praefatorestsicui

86 1549 138 1595 lraec
144 1541 224 1594 t'errori
232 1555 314 1604 essent,
323 1549 405 1595 habere
414 1562 466 1594 eum
476 1547 602 1594 discedendi
610 1553 751 1609 potestatem.

87 1611 143 1667 Qut
154 1627 212 1659 voce
227 1612 283 1659 adso
293 1620 387 1660 cunctos
401 1613 426 1659 in
443 1612 541 1659 studium
554 1613 650 1674 partium
661 1625 752 1659 suarum

85 1677 185 1735 induxit,
195 1684 222 1724 ut
232 1677 291 1725 ultro
300 1677 383 1724 bellum
395 1692 474 1724 omnes
485 1679 633 1731 hortarentur,
644 1677 752 1724 rescissa·

85 1757 170 1803 rosque
195 1756 222 1788 se
240 1741 301 1790 ferro
322 1742 412 1789 decreta
432 1741 587 1790 Macedonum
608 1743 752 1790 affirmarent.

85 1805 155 1854 Tunc
164 1807 265 1854 exmdtu
275 1807 299 1854 in
313 1806 424 1855 AEtuliam
434 1813 545 1870 promoto,
555 1809 661 1871 peonmm
671 1808 750 1854 civita·

84 1873 147 1919 tibus
167 1873 277 1933 imperat3
300 1880 430 1920 recusantes
460 1873 513 1921 dare
539 1874 649 1922 hostiliter
670 1871 753 1933 diripit.

84 1934 146 1984 Inde
163 1935 367 1999 Sardesprofectus
383 1945 419 1985 est
435 1938 464 1985 ad
481 1936 632 2001 Cleopatram,
652 1950 752 1985 sororem

83 2001 212 2050 Alexandri
223 2001 313 2064 Magni,
324 2009 349 2049 ut
359 2004 470 2066 ejusvooe
477 2005 619 2051 centuriones
628 2001 751 2063 principes·

83 2081 130 2128 que
140 2065 290 2122 confirmaret,
300 2068 466 2116 existimaturos
475 2069 506 2115 ibi
516 2070 655 2131 majestatem
666 2065 752 2126 regiam

83 2131 152 2185 verti,
163 2132 224 2178 unde
234 2148 297 2179 soror
308 2132 431 2180 Alexandri
443 2139 520 2180 staret.
551 2131 627 2179 Tanta
636 2129 751 2180 veneratio

82 2196 248 2259 magnitudinis
264 2198 389 2245 Alexandri
408 2204 462 2252 erat,
481 2205 507 2244 ut
522 2197 590 2244 etiam
606 2210 646 2256 per
656 2193 753 2256 vestigia

82 2262 206 2309 mulierum
226 2260 292 2308 saror
312 2263 392 2310 sacrati
419 2264 469 2325 ejus
490 2261 587 2308 nominis
608 2265 754 2321 quaereretur.

84 2324 149 2375 Cum
159 2341 265 2373 reversus
281 2328 304 2373 in
320 2334 393 2374 castra
403 2337 471 2381 esset,
487 2325 589 2388 epistolis
604 2325 658 2373 totis
673 2324 752 2372 caetris

83 2392 180 2453 abjectae
190 2391 348 2450 inveniuntur;
359 2393 439 2453 quibus
445 2393 481 2446 iis,
488 2392 525 2452 qui
534 2391 645 2438 Eumenis
651 2396 718 2452 caput
724 2388 753 2435 ad

83 2456 231 2517 Antigonum
242 2457 380 2512 detullssent,
391 2472 475 2518 magna
485 2457 577 2518 premia
587 2455 754 2503 definiebantur.

82 2519 134 2568 His
143 2521 249 2584 cognitis,
266 2521 382 2569 Eumenes
398 2523 484 2569 vocatis
495 2522 523 2569 ad
534 2521 665 2568 concionem
675 2517 752 2565 militi·

81 2588 134 2640 bis,
144 2586 218 2648 primo
228 2587 312 2648 gratiss
322 2587 378 2648 agit,
400 2594 416 2617 ⁴‘
423 2588 484 2648 quod
491 2602 558 2639 nemo
568 2586 675 2632 inventus
685 2587 751 2633 estete

82 2651 124 2713 qui
142 2665 205 2715 spem
216 2653 304 2715 cruenti
320 2652 409 2716 praemii
423 2650 476 2700 fidei
485 2649 620 2712 sacramenti
631 2652 752 2709 inspons-
