1800 2942
129 180 176 225 164
280 169 417 222 JUSTINI
434 171 489 219 Lu·
499 170 533 219 ΙΙ.
551 170 611 220 Car.
623 175 647 220 6.

128 306 200 354 servis
215 303 381 367 proeiiandum;
397 316 439 349 nec
456 317 577 354 armorum,
597 302 638 349 sed
656 302 803 351 dominorum

124 373 178 436 jure
197 369 335 417 vincendosz
351 369 445 415 verbera
461 369 485 413 in
506 368 587 425 aciem,
609 382 656 415 non
675 368 727 422 tela,
747 368 803 415 affe-

130 437 216 491 rends3
233 436 361 495 omissoque
380 432 446 486 ferro,
462 433 540 494 virgas
550 447 577 478 ac
592 432 688 495 flagella,
706 441 803 480 caetera·

130 517 176 563 que
195 499 281 547 servilis
299 498 373 545 metito
395 497 493 560 paranda
507 498 664 544 instrumenta.
701 496 804 546 Probato

131 581 211 614 omnes
221 564 322 618 consilio,
330 563 434 611 instructi
453 564 511 609 sicut
521 571 659 625 praeceptum
670 571 726 616 erat,
738 571 804 624 post·

132 646 199 694 quam
218 630 247 676 ad
264 630 352 676 hostem
375 625 496 683 accessdre
519 628 686 690 inopinantibus
709 629 804 676 verbera

131 697 259 743 intentant:
279 695 380 754 adeoque
398 693 449 741 illos
464 693 615 755 perculerunt,
628 701 662 750 ut,
673 709 731 755 quos
742 692 805 742 terro

132 776 179 809 non
190 768 302 822 poterant,
322 768 385 806 metu
394 760 512 807 verberum
524 759 654 816 vincerent;
671 758 804 820 fugamque,

133 841 180 874 non
192 833 217 871 ut
226 826 304 871 hostes
321 825 382 878 victi,
403 825 443 872 sed
461 831 488 871 ut
505 822 596 886 fugitivi
613 825 681 878 servi,
699 840 804 887 capesse-

133 898 190 939 rent.
227 889 372 949 Quicumque
382 891 431 952 capi
442 897 570 952 potuerunt,
582 889 691 951 supplicia
701 890 807 938 crucibus

132 957 231 1004 luerunt.
262 953 373 1002 Mulieres
391 970 489 1016 quoque,
508 954 567 1001 male
582 955 740 1009 sibiconsciae,
752 970 805 1015 pnr-

133 1022 175 1067 tirn
186 1018 252 1074 ferro,
271 1021 352 1081 partim
371 1021 499 1082 suspendio,
518 1019 713 1067 vitamlinierunt.
747 1018 807 1068 Post

133 1087 184 1134 haec
198 1100 243 1148 pax
259 1084 319 1145 apud
339 1085 435 1146 Scythas
444 1085 494 1141 fuit,
515 1099 587 1146 usque
597 1094 700 1149 tempora
711 1084 806 1147 Isncyri

135 1151 203 1214 regia.
244 1149 307 1196 Huic
330 1149 424 1208 Darius,
444 1165 485 1197 rex
508 1149 637 1205 Persarum,
659 1152 719 1197 sicut
738 1167 808 1213 supra

135 1217 221 1263 dictum
232 1222 275 1274 est,
286 1231 337 1263 curn
349 1215 403 1263 filiae
421 1217 471 1278 ejus
488 1217 579 1278 nuptias
597 1232 643 1263 non
662 1217 807 1272 obtinuisset,

133 1281 217 1330 bellum
228 1282 304 1329 intulit
312 1299 318 1328 z
337 1290 361 1328 et
370 1281 462 1329 armatis
471 1282 620 1343 septingentis
627 1281 726 1328 millibus
734 1283 810 1328 bomi-

134 1362 190 1395 num
209 1348 325 1408 Scythiam
341 1349 464 1410 ingressus,
484 1362 531 1393 non
552 1346 685 1394 facientibus
706 1348 811 1394 hostibus

184 1427 220 1460 nae
241 1419 383 1474 potestatem,
401 1418 512 1466 metuens,
535 1427 571 1468 ne,
593 1413 720 1473 interrupto
738 1420 811 1474 ponte

135 1428 199 1532 ddtgri,
219 1478 303 1525 reditus
319 1479 360 1525 sibi
376 1477 569 1531 intercluderetur,
590 1477 679 1524 emissis
690 1479 811 1540 octoginta

136 1543 235 1591 millibus
253 1544 378 1597 bominum,
399 1542 499 1605 trepidus
521 1541 620 1604 refugit;
642 1555 696 1602 quae
711 1545 812 1605 jactura,v

135 1609 263 1656 abundante
279 1608 428 1663 multitudine,
447 1609 506 1654 inter
524 1607 607 1653 domm
627 1616 746 1655 numerata
762 1624 812 1656 non

136 1680 179 1721 eat.
213 1671 271 1718 Inde
293 1674 371 1720 Asiam
394 1681 418 1720 et
436 1672 595 1720 Macedoniam
614 1672 718 1719 domuit:
739 1672 812 1721 Ionas

136 1752 227 1799 quoque
234 1738 308 1784 navali
319 1740 399 1799 proelio
410 1745 507 1800 superat.
540 1737 633 1785 Deinde
643 1738 739 1800 cognito
749 1739 812 1801 quod

137 1802 291 1850 Athenienses
317 1801 388 1850 Ioniis
415 1804 522 1850 auxilium
546 1810 626 1850 contra
647 1818 673 1849 se
694 1804 809 1859 tulissent,

138 1881 229 1915 omnem
241 1867 349 1928 impetum
359 1868 411 1915 belli
423 1870 494 1915 ineos
504 1869 623 1915 convertit·

172 1930 217 1979 VI.
234 1930 311 1987 Nunc,
329 1934 435 1993 quoniam
446 1934 475 1980 nd
484 1934 542 1980 bella
557 1932 732 1980 Atheniensium
752 1949 812 1980 ven·

137 2005 187 2045 turn
198 2004 240 2053 est,
256 2012 308 2060 quae
325 2012 372 2044 non
389 1999 458 2045 modo
474 1998 533 2045 ultra
543 2013 605 2060 spem
616 1999 718 2060 gerendi,
730 2014 813 2045 verum

138 2064 207 2112 etiem
234 2064 293 2110 ultre
313 2064 372 2126 gesti
393 2062 469 2118 tidem,
491 2071 582 2126 peracta
604 2069 673 2119 sunt;
698 2079 815 2125 operaque

139 2128 313 2177 Atheniensium
325 2128 406 2176 effectu
417 2130 502 2191 maj0ra
512 2144 579 2190 quam
589 2125 721 2183 vototutre,
733 2130 816 2191 paucis

138 2194 201 2241 urbis
222 2195 288 2257 origo
306 2194 427 2256 repetenda
448 2201 497 2241 est:
521 2193 574 2254 quia
594 2209 647 2245 non,
672 2200 698 2239 ut
719 2202 816 2243 eaeterae

139 2265 229 2320 gentes,
247 2260 370 2306 nrordidis
387 2259 457 2305 initiis
476 2260 505 2305 ad
522 2274 610 2305 summa
628 2255 730 2305 crevere.
764 2260 816 2307 Soli

139 2323 816 2451 {33⁰¹tttp‘lttltttsttnhtthtttttt

179 2421 185 2434 ·
493 2421 499 2443 r

139 2452 215 2515 populi
233 2451 341 2500 colluvies
357 2454 468 2514 originem
480 2453 528 2499 urbi
538 2453 615 2511 dedit;
632 2454 672 2499 sed
682 2454 765 2501 eodem
777 2457 815 2501 in·

141 2517 188 2563 nuti
200 2516 255 2571 solo,
267 2517 328 2577 quod
338 2517 455 2574 incolunt;
472 2526 496 2564 et
513 2533 565 2579 quae
582 2519 627 2565 illis
643 2518 714 2572 credes,
732 2519 815 2567 eadem

141 2582 207 2642 origo
221 2588 263 2628 est.
297 2580 368 2627 Primi
378 2581 475 2636 lanificii,
491 2591 515 2629 et
525 2583 575 2637 olei,
594 2583 675 2628 etvini
689 2598 758 2628 usum
771 2584 815 2630 do·

53 2658 57 2669 ⁴
141 2642 216 2692 nubre.
249 2645 322 2693 Arare
338 2661 434 2707 quoque,
446 2654 470 2692 et
480 2662 555 2694 serere
568 2646 687 2701 frumenta,
703 2648 816 2709 glandem

139 2710 283 2760 vescentibus
299 2708 462 2760 monstrirunt.
494 2710 581 2759 Literae
591 2720 653 2760 certe
662 2710 817 2768 aciacnndie.
