1800 2942
184 184 322 237 JUSTINI
338 185 392 235 Lm.
403 185 530 236 XXXIX.
547 185 641 237 cane.
697 190 742 239 ³91

76 331 134 376 ωας
147 315 235 381 magni
244 319 268 364 vi
279 317 418 380 tempestatis
428 332 555 379 oppressus,
572 333 598 366 ac
613 318 714 365 desertus
729 333 744 366 a

77 384 133 436 suis,
145 383 291 430 elationibus
302 383 404 445 capitur;
420 383 584 445 perductusque
592 383 619 429 ad
630 383 741 445 Grypum,

12 443 14 470 Γ
76 446 219 496 interficitur.
252 448 346 509 Grypus
356 462 429 510 porro,
441 455 571 509 recuperato
581 448 653 509 patrio
664 462 742 510 regno,

75 512 222 574 externisque
231 512 335 573 periculis
345 512 457 566 liberatus,
475 512 560 558 insidiis
570 514 648 560 matris
658 513 741 575 appeti-

11 575 14 602 ²
76 584 123 624 tur.
149 576 209 631 Qum
217 592 276 631 cum,
288 578 409 639 cupiditate
419 577 583 633 dominationis,
595 578 682 639 prodito
694 592 742 623 ma·

11 639 13 666 ⁵
75 643 123 689 rito
134 640 260 696 Demetrio,
271 649 295 688 et
305 642 375 688 altero
385 641 432 688 lilio
441 640 567 694 interfecto,
579 642 645 705 hujus
655 657 743 703 quoque

11 705 13 732 ²
75 704 176 754 victorid
189 705 318 752 inferiorem
331 707 463 768 dignitatem
478 721 542 753 suam
555 705 637 753 factam
649 706 741 763 doleret,

74 771 179 820 venienti
197 772 224 818 ab
243 771 403 817 exercitatione
424 771 529 833 poculum
551 772 632 818 veneni
654 771 741 819 obtulit

10 835 12 848 '
74 836 124 885 Sed
133 835 234 897 Grypus,
240 836 352 897 praedictis
358 836 406 898 jam
416 843 469 882 ante
475 836 570 893 insidiis,
582 837 651 884 veluti
659 838 743 898 pietate

10 905 12 928 l
74 915 130 948 cum
147 907 219 947 matre
238 907 342 958 certaret,
360 901 436 947 bibere
453 902 524 962 ipsam
537 903 619 963 jubet;
635 901 741 949 abnuenti

10 967 11 980 ¹
74 967 162 1013 instat:
181 972 320 1027 postremum
331 966 417 1027 prolato
428 965 502 1011 indice
512 980 562 1011 eam
572 967 653 1028 arguit,
668 967 741 1014 solam

9 1035 10 1044 ¹
73 1029 229 1078 defensionem
249 1030 338 1076 sceleris
358 1044 475 1091 superesse
493 1029 612 1085 affimnaus,
633 1032 652 1078 si
670 1025 738 1090 bibat,

9 1107 10 1124 ³
74 1095 138 1158 quod
154 1092 200 1141 filio
214 1094 301 1143 obtulit
335 1094 374 1141 Sic
392 1095 453 1140 victa
471 1095 554 1155 regina,
575 1094 660 1141 scelere
674 1097 698 1142 in
715 1112 741 1144 se

9 1163 10 1188 ³
72 1174 151 1213 verso,
172 1174 268 1215 veneno,
294 1159 355 1221 quod
376 1158 412 1205 alii
434 1165 560 1220 paraverat,
581 1160 740 1221 exstinguitur.

8 1227 10 1252 ³
73 1221 147 1273 Parta
167 1223 237 1286 igitur
258 1225 322 1286 regni
342 1224 467 1277 securitate,
491 1222 585 1285 Grypus
604 1231 655 1270 octo
675 1226 740 1272 annis

8 1291 9 1296 ’
70 1289 173 1352 quietem
190 1296 213 1335 et
231 1289 280 1350 ipse
296 1289 379 1343 habuit,
395 1296 419 1334 et
435 1303 509 1349 regno
520 1288 633 1350 praestitit.
663 1287 740 1337 Natus

8 1361 9 1366 ’
70 1353 155 1402 deinde
165 1353 197 1399 illi
208 1360 243 1400 est
253 1354 348 1400 aemulus
358 1353 429 1415 regui,
440 1353 510 1399 frater
520 1353 589 1415 ipsius
598 1351 738 1414 Cyzicenus,

71 1417 153 1467 eidem
169 1426 241 1465 matre
253 1419 353 1479 genitus,
370 1418 410 1465 sed
424 1432 454 1464 ex
464 1418 578 1465 Antiocho
593 1427 671 1479 patruo
689 1434 739 1466 sus·

70 1490 160 1546 ceptus,
177 1498 244 1543 quem
259 1498 311 1529 cum
325 1498 413 1529 veneno
427 1482 508 1529 tollere
520 1483 635 1537 voluisset,
653 1490 677 1530 ut
688 1499 737 1530 ma·

69 1549 146 1598 turim
162 1548 230 1594 armis
248 1562 300 1593 cum
316 1562 344 1593 eo
363 1548 391 1593 de
409 1561 481 1609 regno
500 1548 651 1603 contenderet,
673 1550 735 1595 cxci·

69 1612 137 1662 lavil-

105 1674 156 1723 111.
171 1676 235 1724 Inter
245 1679 286 1724 has
297 1679 361 1740 regni
375 1678 447 1739 Syriae
457 1677 598 1740 parricidales
609 1678 737 1733 discordias,

70 1742 170 1791 moritur
190 1758 231 1790 rex
252 1742 350 1804 AEgypti
372 1742 517 1795 Ptolemaeus,
544 1757 616 1805 regno
638 1744 737 1808 AEgypti

71 1808 140 1855 uxori
152 1813 175 1855 et
185 1808 248 1853 alteri
260 1822 289 1854 ex
299 1807 357 1863 filiis,
369 1823 435 1866 quem
446 1808 485 1853 illa
494 1807 594 1870 legisset,
604 1809 691 1867 relicto,
702 1812 737 1857 vi·

71 1872 156 1920 delicet
173 1873 235 1932 quasi
254 1873 349 1933 quietior
365 1872 464 1935 AEgypti
481 1879 559 1926 status,
577 1889 644 1934 quarn
662 1874 737 1935 Syriae

70 1952 170 1999 regnum
182 1944 250 1994 esset,
267 1953 318 1985 cum
329 1946 407 1990 mater,
423 1938 494 1985 altero
505 1952 534 1984 ex
544 1937 596 1984 filiis
606 1939 687 1996 electo,
702 1939 736 1985 al-

71 2009 147 2049 terum
164 2003 252 2049 hostem
269 2010 328 2049 esset
344 2004 451 2049 habitura.
483 2000 559 2064 Igitur
574 2017 626 2049 curn
645 2005 737 2065 pronior

72 2068 97 2113 in
109 2067 218 2113 minorem
228 2066 299 2113 lilium
312 2076 377 2122 esset,
395 2068 501 2129 apopulo
513 2067 654 2128 compellitur
663 2070 735 2131 majo·

72 2146 122 2178 rem
134 2132 232 2194 eligere:
252 2134 288 2178 eui
299 2133 436 2194 priusquam
448 2147 544 2193 regnum
556 2131 624 2187 daret,
642 2148 735 2182 uxorem

71 2195 172 2253 ademit;
195 2197 379 2258 compulsumque
400 2196 516 2259 repudiare
537 2197 674 2244 carissimam
694 2200 734 2246 sibi

70 2275 173 2308 somrem
185 2259 334 2323 Cleopatram,
351 2263 462 2308 minorem
474 2276 572 2307 sororem
585 2261 681 2310 Selenen
693 2264 735 2311 du·

14 2367 17 2370 ,
72 2326 205 2387 cerejubet,
221 2341 267 2373 non
282 2334 384 2373 materno
396 2328 455 2373 inter
465 2325 621 2389 liliusjttdicio,
638 2343 690 2374 cum
701 2330 736 2376 al·

69 2390 114 2437 teri
130 2391 234 2437 maritum
251 2391 353 2454 eriperet,
369 2391 432 2439 alteri
448 2391 518 2438 daret
551 2392 596 2438 Sed
608 2390 734 2455 Cleopatra,
782 2405 787 2413 ·

70 2468 120 2502 nora
138 2466 185 2502 tam
201 2456 277 2503 avim
296 2457 417 2519 repudiata,
437 2471 503 2517 quam
521 2472 535 2504 a
553 2466 626 2504 matre
639 2459 735 2507 divortio

70 2520 116 2566 viri
126 2520 225 2579 dimissa,
237 2519 356 2582 Cyzicena
366 2523 390 2569 in
402 2520 558 2583 Syriinubi15
574 2524 640 2583 eique
651 2538 681 2570 ne
692 2539 735 2571 nu·

69 2584 126 2631 dum
142 2586 219 2633 uxoris
235 2600 318 2636 nomen
336 2586 431 2642 afferret,
448 2588 571 2634 exercitum
583 2588 657 2650 Grypi
673 2590 736 2636 solli·

70 2649 171 2705 citatum,
189 2651 252 2698 velut
269 2652 373 2705 dotalem,
393 2652 421 2698 ad
436 2653 541 2699 maritum
559 2654 655 2700 deducit·
688 2653 734 2704 Par

70 2714 142 2777 igitur
151 2715 240 2764 'viribus
253 2716 329 2767 fratris
340 2715 472 2779 Cyzicenus
485 2718 590 2780 proelium
606 2718 733 2779 committit,
