1800 2942
151 208 201 254 880
247 141 386 252 JUdTlrtt
402 194 620 246 mxxxvm.
637 193 735 250 Cara·

187 329 237 381 111.
259 327 318 378 Erat
338 344 366 376 eo
387 335 490 391 ternpore
506 326 621 391 ‘ligranee
642 341 684 374 rex
703 326 840 386 Armeniae,

157 401 223 449 obm
234 394 325 444 Parthia
335 400 388 441 ante
398 392 496 440 multum
507 394 615 454 temporie
627 392 699 445 datur,
718 392 761 440 oed
780 394 839 442 olim

157 466 186 514 ab
203 462 282 509 iiadern
304 459 327 504 in
350 474 446 521 regnum
468 467 585 520 paternum
605 458 721 505 remissas.
760 456 839 507 Hune

160 526 306 579 Mithridaten
317 524 373 570 mire
384 524 413 570 ad
428 525 559 570 societatem
576 521 677 570 Romani
693 522 756 577 beili,
776 524 840 585 quod

161 595 216 643 olim
227 590 382 642 meditabatur,
393 587 499 651 pellicere
509 588 619 650 cupiebat
653 586 719 633 Nihil
727 589 803 649 igitur
810 589 841 636 de

162 652 839 716 offeuadRomanorurnaentientemperGordiumimpellit,
892 667 893 670 ¹

162 730 190 772 ut
199 719 358 774 Ariobarzani,
370 718 435 779 segni
447 718 575 770 admodum,
588 717 672 763 bellum
683 716 787 776 inferat3
805 726 838 775 et,

163 803 193 837 ue
204 787 254 847 quia
265 784 330 830 dolat
339 784 431 830 rubetae
441 782 563 837 videretur,
573 778 643 827 filiam
654 796 720 828 auam
731 784 753 829 ei
766 781 840 832 Cieo-

193 860 250 898 tram
258 850 283 895 in
291 847 459 894 matrimonium
469 847 543 893 tradit
570 844 649 892 Primo
658 846 730 908 igitur
738 847 840 897 adveatu
872 903 874 906 ι

163 867 193 966 di!
237 914 279 966 nir,
291 911 467 966 Ariobarzanes,
478 911 570 959 sublatis
586 912 652 957 rebus
665 911 722 967 auia,
739 911 840 960 Romana

166 978 289 1031 contendit
322 976 401 1038 Atque
418 977 449 1023 ita
465 992 506 1039 per
521 974 639 1038 Trgranen
655 991 737 1023 rursus
749 975 840 1040 Cappa·

166 1045 231 1094 dooia
236 1043 296 1105 juria
307 1056 357 1088 erae
369 1040 511 1088 Mithridatis
521 1041 598 1104 erepit.
629 1038 722 1087 Eodem
729 1049 840 1104 tempore,

166 1115 257 1158 mortuo
274 1105 408 1161 Nicomede,
426 1108 494 1153 etiam
510 1104 570 1153 filius
589 1107 645 1168 ejus,
661 1112 687 1153 et
701 1106 753 1168 ipse
768 1106 841 1154 Naco-

167 1174 251 1229 medee
264 1174 336 1234 regno
347 1187 361 1220 a
371 1171 506 1219 Mithridate
515 1171 619 1233 pellitur3
631 1171 670 1232 qui
682 1186 736 1218 cum
747 1173 842 1234 supplex

168 1240 268 1290 Romam
279 1238 386 1290 reniaaet,
398 1237 526 1283 decernitur
536 1238 561 1294 in
572 1243 659 1289 senatu,
671 1243 697 1283 ut
708 1244 807 1297 uterque
818 1237 841 1283 in

169 1320 274 1420 ttssttt
279 1301 689 1429 'iiiiiiniir-iiigiii?
694 1302 842 1414 tritt&

171 1436 301 1483 eooietatem
318 1448 370 1479 curn
381 1430 492 1494 Tigrane,
506 1431 590 1478 beilum
601 1431 711 1479 adversus
722 1430 841 1480 Romanoa

171 1507 284 1565 gerturua,
291 1498 386 1560 jungit:
405 1498 510 1559 pactique
528 1497 588 1544 inter
606 1511 632 1543 ae
651 1504 712 1551 eunt,
732 1504 759 1544 ut
777 1496 843 1544 urbes

171 1565 266 1627 agn'que
277 1561 412 1617 Mithridati,
423 1563 527 1609 homines
538 1576 593 1608 vero
604 1569 628 1609 et
638 1577 792 1623 quaecumque
803 1577 841 1610 aa·
895 1601 896 1612 ,

171 1630 226 1678 ferri
241 1635 341 1691 possent,
358 1625 454 1689 'ligrani
470 1627 583 1674 cederent
617 1625 676 1674 Post
686 1628 738 1675 baec
751 1627 843 1675 Mithri·

172 1695 242 1748 dates,
253 1693 376 1747 intellecto,
386 1699 496 1753 quantum
511 1692 596 1740 bellurn
612 1693 740 1748 suscitaret,
756 1694 844 1756 legatur

173 1759 203 1807 ad
214 1756 326 1813 Cimbros,
337 1758 394 1804 aiioa
405 1758 433 1804 ed
445 1757 611 1820 Gallograecos,
622 1764 647 1805 et
657 1757 776 1806 Sarmatae
786 1758 843 1806 Bu·

174 1830 303 1883 iamneque,
314 1823 421 1869 auxilium
433 1824 536 1884 petitum,
547 1823 632 1870 mittit:
652 1838 706 1869 nam
717 1824 845 1872 omnesbrt

175 1894 264 1951 genter,
276 1884 406 1934 Romanum
414 1888 586 1936 meditabundus
593 1888 684 1942 bellurn,
697 1890 769 1936 variis
778 1890 845 1936 bene·

175 1953 279 2001 boiorum
293 1952 423 1998 muneribus
433 1954 483 2014 jam
497 1959 550 2000 ante
560 1954 669 2002 illexerat.
704 1954 743 2000 Ab
756 1949 847 2016 scythii

175 2032 266 2081 quoque
281 2017 405 2065 exercitum
424 2019 504 2065 venire
517 2019 583 2080 jubet
591 2037 599 2079 ;
615 2033 755 2080 omnemque
767 2018 846 2066 Orien·

176 2092 224 2132 tem
238 2083 345 2130 adversm
355 2080 475 2130 Romanos
490 2090 569 2130 annat.
601 2082 658 2130 Non
674 2098 764 2146 magno
781 2085 846 2147 igitur

177 2148 254 2196 labore
271 2147 387 2212 Aquilium
404 2155 428 2195 et
443 2147 568 2200 Maltinum
585 2148 674 2197 Asiam
693 2151 799 2197 exercitu
813 2149 847 2196 ia·
895 2169 896 2214 3

178 2220 276 2260 structor
287 2213 373 2270 vincit;
390 2213 471 2273 quibua
486 2214 554 2260 simul
567 2229 619 2261 oum
631 2213 763 2262 Nicomede
773 2214 847 2278 purte,

177 2278 267 2338 ingenti
276 2275 354 2325 favore
364 2278 489 2325 eivitatium
501 2280 624 2342 excipiturr
643 2279 744 2326 multum
755 2281 788 2327 ibi
802 2278 848 2328 auri

179 2342 318 2403 argentique,
330 2342 405 2389 studio
415 2349 518 2390 veterum
529 2359 617 2405 regum,
631 2359 791 2407 magnumque
800 2342 848 2392 beili

179 2412 316 2467 apparatum,
329 2406 429 2455 invenit:
449 2408 530 2468 quibua
540 2409 670 2463 instructus,
681 2409 760 2457 debita
770 2410 847 2457 cirita·

178 2470 239 2516 tibur
249 2470 338 2531 publica
346 2471 478 2533 privataque
487 2474 588 2528 remittit,
599 2482 623 2520 et
630 2474 777 2522 vacationem
785 2475 847 2536 quia·

179 2534 392 2593 quenuiiconcedit.
424 2535 672 2587 Tuncadconcionenr
680 2539 769 2588 milites
777 2545 847 2592 vocet.
895 2569 896 2578 κ

179 2611 266 2708 mizi
273 2599 545 2720 badddmfflnihid
560 2605 589 2652 ad
603 2604 790 2715 Romanadbelia
805 2605 849 2681 aire

313 2678 320 2708 1
480 2683 519 2715 ora
537 2684 604 2716 onem
668 2684 706 2716 am
731 2684 772 2716 uxr
826 2680 848 2715 et

179 2725 309 2789 exemplum
324 2727 429 2777 brevitati
451 2732 519 2796 bajus
537 2671 850 2799 operiedidnsererem'ffln
