1800 2942
80 181 178 234 cansa.
299 180 500 235 Juoonrrm.
703 148 733 234 ol

78 313 150 369 aaut
167 310 304 370 incenderet,
315 330 367 362 cum
378 317 456 378 paucis
466 315 577 378 equitibus
587 316 610 362 in
621 315 736 378 provinci-

78 387 110 426 am'
117 382 185 428 venit.
219 380 256 426 Ac
268 387 344 427 tamen
355 382 398 429 etsi
409 382 480 428 senati
491 382 565 428 verbis
575 383 644 428 minse
654 396 737 443 graves

78 447 234 499 nuntiabantur,
262 445 324 505 quod
345 447 513 508 oppugnatione
534 462 580 493 non
602 446 735 502 desisterem

78 509 140 556 multi
154 518 232 557 tamen
248 511 350 558 oratione
364 509 489 565 consumti,
505 511 575 573 legati
589 510 673 558 frustra
689 511 736 557 dis·

78 572 163 622 eodm

24 640 26 659 ¹
83 664 87 669 ·
104 637 253 687 xxvnna
267 644 387 701 postquam
398 636 470 688 Cirtae
483 640 558 687 audita
573 648 632 694 sunt,
654 639 735 695 Italici,

24 758 26 765 γ
79 718 163 765 qnorum
173 704 260 751 virtute
274 705 360 751 moenia
375 704 554 761 defensabantur,
571 705 655 759 conlisi,
674 705 737 752 dedi·

78 769 132 816 tiam
148 767 215 823 facti,
236 776 327 831 propter
345 770 523 832 magnitudinem
542 771 618 834 populi
637 769 738 817 Romani

24 866 25 881 ³
79 831 190 881 inviolatos
201 833 317 889 sesefore,
335 835 458 883 Adherbali
467 835 568 889 suadent,
589 837 622 884 uti
634 850 703 896 seque
713 841 738 882 et

79 900 175 960 oppidum
194 897 317 961 Jugurthae
335 901 423 957 tradat;
441 907 529 947 tantum
540 901 568 947 ab
577 916 606 947 eo
616 901 686 948 vitam
697 914 738 961 pa·

80 965 181 1011 coeatur:
210 964 239 1010 de
257 964 345 1011 caeteris
364 966 451 1012 senatui
471 981 531 1012 curae
550 965 605 1013 sore
638 965 674 1013 At
691 963 738 1019 ille,

79 1030 161 1076 tametsi
176 1030 254 1076 omnia
268 1028 415 1091 potiorafide
430 1028 554 1092 Jugurtbae
564 1032 670 1088 rebatur3
685 1031 740 1090 quia
840 1044 846 1057 ’

78 1107 140 1154 penes
150 1094 249 1148 eosdem,
261 1095 281 1141 si
292 1094 454 1148 adversaretur,
467 1097 563 1158 cogendi
573 1102 673 1157 potestas
683 1103 739 1150 erat,

78 1157 111 1212 ita,
122 1160 154 1206 uti
165 1165 301 1206 censuerant
311 1158 391 1214 Italici,
404 1160 539 1207 deditionem
549 1159 611 1207 iacit.
625 1159 740 1222 Jugurtba

24 1266 25 1273 ,
78 1221 185 1285 inprimis
203 1223 352 1271 Adherbalem
363 1226 515 1272 excruciatum
526 1231 607 1271 necat:
626 1224 678 1270 dein
688 1239 739 1271 om·

78 1288 213 1364 nispuberes
224 1288 336 1365 Numidas
352 1297 375 1338 et
391 1291 544 1352 negotiatores
554 1289 686 1351 promiscue,
705 1288 741 1337 uti

76 1353 508 1498 qmllqll‘l'lffibbrlpbbblb’uillieltffgmbe
515 1390 639 1497 cognitum,
645 1418 740 1466 etresin

77 1483 742 1615 att?ttgtlstttltlllllttttttttl:

77 1626 121 1673 pus,
133 1614 275 1661 atrocitatem
285 1613 339 1661 sacti
349 1615 470 1662 leniebant.
491 1615 535 1672 Ac,
544 1616 567 1662 ni
575 1612 742 1672 C.Memmius,

77 1678 174 1726 urbinus
184 1677 257 1741 plebis
266 1678 404 1742 designatus,
416 1681 452 1726 vir
463 1694 514 1726 acer
524 1687 548 1727 et
557 1680 654 1728 infestus
660 1687 743 1744 poten·

24 1784 25 1793 ,
77 1741 112 1790 tae
121 1743 253 1798 nobilitatis,
264 1744 370 1805 populum
379 1743 510 1792 Romanum
520 1746 653 1802 edocuisset,
664 1745 687 1792 id
695 1745 742 1808 agi,

24 1820 25 1823 ¹
77 1808 106 1853 uti
116 1823 252 1870 perpaucos
263 1807 369 1856 factiosos
379 1808 502 1871 Jugurtbae
513 1812 586 1858 scelus
601 1811 743 1858 condonare⁴

77 1877 116 1928 tur,
130 1872 236 1935 profecto
247 1873 321 1921 omnia
330 1874 414 1921 invidia
423 1874 561 1937 prolatandis
571 1875 743 1923 consultationi·

77 1935 114 1985 bris
132 1938 221 2000 dilapsa
239 1945 298 1985 erat:
317 1945 380 1985 tanta
397 1939 433 1986 vis
451 1941 539 2002 gratiae,
558 1949 626 2002 atque
641 1940 745 2003 pecumae

76 2004 140 2064 regia
176 2003 230 2059 Sed,
248 2002 285 2049 ubi
301 2011 391 2050 senatus
403 2004 478 2051 dellcti
488 2004 627 2053 conscientiis
635 2004 744 2067 populum

77 2067 154 2126 timet3
173 2068 227 2131 lege
238 2066 372 2130 Sempronii
381 2070 504 2132 provinciae
513 2070 596 2118 futuris
615 2069 745 2118 consulibus

76 2128 185 2180 Numidia
195 2140 265 2194 atque
276 2132 342 2180 Italia
351 2134 448 2182 decretae
457 2152 464 2181 ε
472 2156 475 2165 r
483 2135 588 2182 consules
604 2135 745 2183 declarantur

76 2193 102 2243 P.
114 2198 192 2261 Scipio
209 2196 302 2254 Nasica,
318 2197 349 2246 L.
359 2197 438 2246 Bestia
449 2197 600 2263 Calpurnium
622 2198 745 2262 Calpurnio

24 2282 26 2297 ι
77 2256 191 2317 Numidia,
202 2263 303 2325 Scipioni
314 2261 381 2313 Italia
391 2266 490 2312 obvenit.
522 2264 614 2312 Deinde
624 2264 745 2321 exercitus,

77 2327 112 2385 quii
132 2328 157 2375 in
181 2326 286 2375 Africam
306 2337 439 2391 portaretur,
463 2330 582 2378 scribiturs
601 2330 744 2392 stipendium,

78 2389 122 2445 olis,
135 2408 189 2454 quae
199 2392 260 2440 bello
271 2393 321 2441 usui
331 2393 413 2450 forent,
425 2395 582 2443 decernuntur.

107 2455 237 2504 XXVIII.
260 2457 294 2506 At
312 2456 434 2522 iugurtha,
453 2467 532 2507 contra
542 2475 605 2522 spem
616 2459 696 2505 nuntio
706 2472 746 2503 ac·

78 2528 147 2582 cepto,
161 2525 247 2586 quippe
257 2524 301 2580 cui,
313 2523 397 2572 Romae
408 2526 485 2572 omnia
491 2539 575 2572 venum
583 2526 623 2577 ire,
635 2524 659 2568 in
671 2521 747 2585 animo

24 2612 26 2633 r
78 2583 172 2635 haeserat
180 2586 286 2646 ;.filium,
299 2596 384 2647 etcum
393 2606 421 2636 eo
429 2590 474 2636 duo
482 2588 598 2635 familiaris
608 2587 636 2633 ad
644 2590 747 2632 senatum

77 2645 164 2712 lagoos
174 2653 247 2713 mittit
258 2672 265 2701 ι
284 2653 364 2717 bisque
375 2654 475 2718 (millis,
491 2668 554 2713 quos,
567 2648 700 2711 Hiempsale
710 2647 748 2690 in·

78 2714 179 2780 fficio,
195 2716 300 2784 miserat)
317 2718 522 2784 praecepit‘omnis
538 2705 748 2775 mortalis-pecuali

507 2794 524 2829 a
