1800 2942
332 455 520 524 JUSTINI

91 574 763 668 msnoamnunsummarorium,

161 742 210 794 ET
225 742 352 792 TOTIUS
368 743 491 794 MUNDI
507 743 695 802 ORIGINUM,

131 936 135 943 ,
236 882 283 931 ΕΤ
296 839 499 932 runcinum
515 861 617 947 suris,

224 1050 372 1111 Trono
401 989 605 1126 birrorum,

293 1195 401 1245 LIBER
417 1194 559 1245 PRIMUS.

122 1456 146 1504 Ι.
162 1455 293 1505 Panemo
302 1471 385 1513 rerum,
400 1457 505 1520 gentium
516 1457 677 1518 nationumque
686 1459 759 1520 impe·

89 1524 151 1571 rium
169 1536 241 1585 penes
260 1538 327 1585 reges
348 1529 412 1582 erat;
436 1538 494 1585 quos
512 1523 540 1571 ad
556 1523 672 1586 fastigium
693 1524 761 1586 hujus

88 1587 215 1651 majestatis
234 1603 280 1635 non
298 1587 388 1635 ambitio
399 1580 519 1649 popularis,
536 1588 576 1635 sed
588 1595 687 1650 spectatu
701 1588 760 1637 inter

88 1655 164 1702 bonos
174 1652 305 1707 moderatio,
316 1653 460 1715 provehebat.
483 1653 583 1717 Populus
594 1654 662 1700 nullis
672 1653 761 1717 iegibus

89 1719 224 1765 tenebatur:
254 1718 345 1766 arbitria
366 1719 493 1780 principum
518 1735 559 1781 pro
579 1719 666 1782 legibus
688 1729 760 1767 erant.

88 1782 162 1831 Fines
173 1783 260 1845 imperii
271 1784 329 1839 tueri
339 1783 420 1845 magis,
437 1799 503 1845 quam
514 1783 621 1847 proferre,
632 1800 683 1832 mos
693 1793 756 1833 erata

87 1849 151 1895 iutra
167 1863 231 1895 suam
248 1849 329 1910 cuique
346 1848 440 1909 patrium
452 1864 524 1911 regna
533 1849 673 1898 finiebantur.
707 1849 759 1898 Pri·

88 1929 144 1961 mus
161 1913 263 1960 omnium
282 1912 365 1969 Ninus,
384 1924 425 1960 rex
442 1914 597 1975 Assyriorum,
617 1922 717 1963 veterem
736 1921 761 1961 et

89 1979 155 2040 quasi
165 1979 251 2025 avitum
261 1979 364 2041 gentium
375 1993 462 2025 morem
473 1978 533 2027 novi
541 1981 628 2043 imperii
639 1980 761 2043 cupiditate

89 2044 196 2090 mutavit.
229 2041 278 2089 Hic
288 2045 374 2106 primus
384 2044 461 2091 intulit
471 2045 528 2092 bella
538 2044 646 2100 finitimis,
658 2053 681 2091 st
692 2044 759 2091 rudes

88 2108 164 2155 adbuc
170 2108 199 2155 ad
206 2109 353 2155 resistendum
361 2109 463 2171 populos,
473 2110 582 2156 terminos
589 2125 662 2170 usque
669 2107 758 2171 Libyas,

89 2173 226 2236 perdomuit
259 2171 335 2220 Fubre
351 2174 441 2235 quidem
456 2175 594 2238 temporibus
615 2174 759 2236 antiquiores,
782 2187 787 2194 '

89 2238 204 2286 Sesostris
221 2237 327 2299 AEgypti,
346 2246 370 2285 et
389 2239 491 2300 Scythiae
502 2253 543 2285 rex
553 2238 652 2295 Taniius,
664 2254 759 2301 quorum

89 2303 147 2350 alter
169 2303 193 2348 in
213 2301 320 2359 Pontum,
338 2304 394 2351 alter
412 2319 484 2365 usque
505 2303 634 2366 AEgyptum
655 2306 760 2353 excessit.

88 2368 137 2415 seu
144 2369 277 2430 longinqua,
289 2383 335 2415 non
345 2368 446 2425 finitima,
458 2369 517 2415 bella
526 2370 649 2430 gerebant:
663 2385 706 2417 nec
716 2371 761 2416 im·

90 2435 179 2496 perium
191 2434 240 2489 sibi,
262 2433 302 2480 sed
318 2435 407 2496 populis
424 2434 471 2481 suis
486 2433 591 2494 gloriam,
610 2436 758 2497 quaerebant3

91 2500 239 2560 contentique
260 2498 361 2553 victorii,
389 2500 483 2561 imperio
505 2499 651 2547 abstinebant
684 2499 760 2546 Ninus

91 2564 273 2627 magnitudinem
292 2565 395 2626 quaesitae
413 2564 573 2610 dominationis
589 2563 696 2611 continui
707 2579 759 2625 pos·

92 2630 195 2678 sessione
205 2628 310 2676 firmavit.
342 2628 446 2677 Domitio
456 2629 525 2692 igitur
532 2629 647 2692 proximis,
659 2643 711 2674 cum
722 2641 760 2674 ac·
823 2646 826 2659 ·
