1800 2942
69 151 171 203 Car-75.
291 152 493 203 JUGURTHA.
698 156 730 204 98

69 289 101 329 tas
118 282 217 331 favorem
235 283 362 331 addiderat:
382 287 489 331 caeterum
503 284 527 330 in
548 290 642 345 unoque
656 283 730 346 magis

67 348 138 396 studia
153 350 259 411 partium,
278 364 345 410 quam
355 349 416 395 bona
425 358 465 395 aut
476 350 535 396 mala
546 365 593 404 sua,
605 348 727 396 moderata.

68 411 179 462 Praeterea
194 414 294 461 seditiosi
316 414 461 476 magistratus
481 414 575 476 volgum
599 414 729 476 exagitem

69 476 184 526 uetulum
207 479 312 526 omnibus
334 479 479 543 concionibqs
501 481 580 543 capitis
601 494 729 535 arcessere;

70 540 133 591 Marii
144 545 251 592 virtutem
262 544 288 595 in
297 545 369 606 maJ'us
380 543 498 591 celebrare.
531 544 639 606 Denique
655 544 731 607 plebes

68 608 99 654 sic
115 623 216 665 accensa,
235 609 268 656 uti
281 607 371 671 opifices
382 617 526 671 agrestesque
537 625 624 668 omnes,
635 624 730 669 quorum

22 732 23 735 Ἰ
71 673 211 736 mtidesque
223 675 247 720 in
264 674 366 720 manibus
377 675 427 720 sitae
438 682 509 728 erant,
527 675 610 722 relictis
620 675 731 737 operibus,

70 736 233 800 frequentarent
245 739 355 793 Marium,
376 746 400 785 et
418 754 459 786 sua
476 741 601 786 necessaria
610 747 662 802 post
672 739 733 789 illius

71 801 173 851 bonorem
191 806 307 852 ducerent
347 801 390 858 Ita,
412 803 516 866 perculsi
537 805 659 859 nobilitate,
681 810 733 866 post

72 869 147 916 multas
156 876 302 931 tempestates
310 883 370 916 novo
377 869 462 916 homini
471 870 601 916 consulatus
607 869 733 916 mandatur.

73 930 102 979 Et
111 941 188 995 postea
194 934 297 998 populus,
308 949 322 981 a
333 934 503 995 tribunoplebis
514 935 611 982 Manilio
622 934 733 981 Mancino
801 970 805 977 .

73 1008 165 1059 rugum,
184 1015 252 1062 quem
269 999 338 1046 vellet
351 1014 404 1046 cum
415 998 624 1062 Jugurthdbellum
635 998 732 1061 gerere?
801 1004 805 1017 ⁸

75 1060 171 1124 frequens
182 1064 283 1112 Marium
288 1065 364 1128 jussit.
389 1064 487 1111 Senatus
497 1064 563 1128 paulo
572 1073 624 1112 ante
636 1064 734 1110 Metello

75 1126 209 1176 decreveratt
229 1145 256 1177 ea
267 1145 303 1176 res
313 1129 397 1176 snrstra
407 1128 457 1176 fuit.

103 1191 221 1240 LXXIV.
247 1193 336 1242 Eodem
361 1202 463 1255 tempore
483 1194 616 1255 Jurgurtha,
646 1194 735 1241 amissis

77 1258 151 1313 amicis,
172 1259 280 1322 (quorum
302 1258 420 1319 plerosque
439 1260 488 1319 ipse
510 1267 635 1313 necaverat,
658 1259 734 1305 caeteri

76 1319 191 1379 icnnidine,
202 1339 254 1385 pars
265 1323 293 1369 ad
304 1322 429 1375 Romanis,
441 1323 478 1368 alii
489 1322 517 1369 ad
528 1338 605 1384 regem
617 1321 734 1370 Bocchum

72 1387 224 1450 =profugerant)
237 1403 289 1435 cum
300 1403 373 1449 neque
384 1388 466 1434 bellum
477 1388 527 1450 geri
539 1388 587 1434 sine
600 1388 736 1435 administris

75 1463 153 1513 posset,
169 1463 193 1501 et
207 1469 319 1500 novenum
330 1452 396 1500 fidem
415 1453 438 1499 in
452 1450 516 1499 tanti
531 1452 623 1515 perfidia
634 1460 735 1499 veterum

76 1519 161 1580 experiri
171 1519 322 1581 periculosum
334 1518 432 1572 ducaei,
443 1519 520 1565 uarius
530 1520 672 1579 incertusque
687 1518 737 1580 agi-

76 1583 141 1631 utut:
160 1599 234 1646 neque
245 1584 277 1630 illi
288 1599 331 1637 res,
348 1598 422 1644 neque
432 1583 559 1638 consilium,
570 1591 609 1630 aut
619 1584 736 1644 quisquam

77 1647 192 1706 hominum,
201 1650 256 1697 satis
265 1650 381 1712 placebat:
395 1649 476 1696 itinera
483 1647 646 1712 praefectosque
656 1649 679 1695 in
688 1648 736 1695 dies

77 1720 168 1762 mutare:
187 1714 257 1760 modo
272 1715 391 1761 advorsum
403 1713 481 1768 hostis,
500 1715 613 1761 interdum
623 1715 647 1761 in
659 1714 737 1761 solitu-

77 1776 133 1826 dines
142 1795 254 1842 pergere:
273 1795 334 1841 saepe
350 1779 374 1825 in
390 1777 452 1840 fugi,
464 1794 490 1826 ac
498 1788 549 1842 post
560 1780 626 1842 paulo
638 1795 701 1842 spem
712 1780 746 1836 in,

77 1845 137 1891 umis
152 1846 250 1892 haberet
269 1844 376 1898 dubitare,
395 1844 474 1891 virtuti
488 1845 628 1907 popularium
646 1861 675 1893 an
692 1844 739 1891 fide

77 1909 144 1956 ninus
154 1911 272 1957 crederet:
292 1910 331 1964 ita,
342 1924 485 1970 quocumque
500 1911 631 1965 intenderat,
650 1925 687 1956 res
697 1909 737 1956 ad·

24 2034 25 2037 Ἴ
78 1986 145 2021 rorsae
163 1982 235 2022 erant.
269 1973 322 2027 Sed,
345 1974 460 2020 intereas
477 1990 558 2029 moras,
575 1983 669 2036 repente
688 1989 738 2021 sese

78 2035 179 2086 Metellus
198 2053 251 2086 cum
273 2040 374 2086 exercitu
392 2041 498 2086 ostendit.
531 2039 640 2086 Numidae
657 2037 741 2087 abJu-¹

78 2103 153 2162 girus
169 2121 211 2167 pro
228 2112 330 2166 tempore
340 2107 409 2165 parati
425 2106 588 2166 instructique:
608 2104 662 2151 dein
677 2118 739 2164 proe·

78 2165 126 2215 lium
136 2170 256 2232 incipitur..
281 2167 335 2222 Qut
346 2170 369 2215 in
380 2178 443 2230 parte
456 2185 496 2217 rex
508 2169 579 2222 affuit,
590 2169 619 2215 ibi
631 2169 739 2229 aliquam-

25 2242 26 2247 ’
79 2231 110 2279 diu
118 2242 238 2281 certatum:
253 2236 330 2281 caeteri
341 2250 420 2281 omnes
429 2231 489 2297 [ejus
500 2232 594 2298 milites]
601 2234 674 2295 primo
682 2248 739 2280 con·

25 2276 27 2387 N
79 2299 337 2362 cumupulsisugatique.·
362 2299 460 2346 Romani
469 2300 585 2360 signorum
594 2305 618 2344 et
626 2312 739 2345 annorum

76 2362 185 2424 ,riquanto
204 2380 306 2418 numero,
328 2365 426 2411 bostium
445 2379 567 2426 paucorum
586 2364 667 2425 potiti:
687 2377 740 2409 nam

78 2424 141 2477 seme
159 2429 274 2477 Numidas
292 2430 316 2476 in
338 2430 441 2476 omnibus
463 2429 549 2490 proeliis
570 2429 639 2490 pedes
660 2427 741 2488 magis,

76 2507 137 2552 quam
148 2510 213 2542 arma
224 2501 273 2543 tuta
283 2502 344 2542 sunt.

107 2557 210 2608 LXXV.
228 2558 266 2608 Es
275 2559 330 2622 fugi
337 2558 452 2621 Jugurtha
462 2557 585 2620 impensius
595 2555 663 2602 modo
674 2552 741 2599 rebus

80 2622 120 2669 Νὴ
128 2626 237 2681 diffidens,
248 2641 301 2672 cum
312 2624 413 2687 perfugis
423 2632 447 2670 et
457 2632 521 2684 parte
531 2619 643 2681 equitatds
653 2618 677 2663 in
689 2615 742 2661 soli-

78 2687 170 2751 ΜΨ,
185 2691 238 2741 dein
249 2688 346 2742 Thalam
356 2689 467 2753 pervenit,
481 2688 506 2737 in
516 2685 622 2749 oppidum
632 2693 743 2742 magnum
