1800 2942
166 189 303 260 Jus'nm
320 205 647 258 naxxxmrmaa
694 216 744 261 ara
800 187 802 190 ’

45 344 53 356 ‘
69 338 741 401 millia,equitumdecemmillia,currussalcatossexcentos5

68 420 114 454 nec
125 404 245 458 Ariarathi,
257 404 413 451 auxiliantibus
423 402 524 450 finitimis
534 404 631 465 regibus,
642 405 740 453 minores

68 472 142 533 copiae
148 477 231 524 essent,
240 470 351 516 incertum
357 469 409 515 belli
415 469 504 523 timens,
513 469 607 516 coendia
613 470 642 515 ad
649 471 741 518 insidias

68 534 191 592 transfert5
209 534 373 594 sollicitatoque
384 535 471 596 juvene
487 535 515 580 ad
531 534 674 594 colloquium,
686 551 738 581 cunr

66 601 154 648 ferrum
171 598 308 646 occultatum
324 600 384 646 inter
400 597 481 646 fascias
499 606 596 661 gereret,
619 601 738 646 scmtatori

65 666 96 713 ab
108 665 229 724 Ariarathe
239 664 302 724 regio
313 678 377 710 more
387 664 464 717 misso,
476 663 586 710 curiosius
600 663 670 709 imum
681 680 738 711 ven-

66 737 128 777 trem
138 728 290 791 pertractanti,
302 728 339 783 ait,
352 735 447 782 caveret,
464 744 493 775 ne
509 728 569 775 aliud
585 728 655 775 telum
671 730 736 776 inve·

66 795 134 849 niret,
146 809 213 855 quam
224 799 342 852 quaereret
374 792 453 854 Atque
467 794 499 839 ita
515 794 561 840 risu
576 793 683 855 protectis
699 794 735 840 in-

64 857 281 912 sidiia'seuocatum
292 858 320 903 ab
329 858 408 903 amicis
417 857 482 903 uelut
492 859 520 904 ad
529 865 640 905 secretum
650 873 735 905 sermo-

66 938 128 978 nem,
137 922 277 984 inspectante
286 928 381 983 utroque
390 923 498 976 exercitu,
508 923 624 970 interficit:
639 938 735 984 regnum

66 987 218 1050 Cappadociae
229 993 281 1032 octo
296 1001 406 1033 annorum
422 986 476 1041 filio,
492 989 597 1050 imposito
608 988 735 1037 Ariarathis

63 1053 165 1105 nomine,
176 1051 296 1111 additoque
307 1052 328 1097 ei
339 1058 426 1097 rectore
443 1052 537 1107 Gordia,
553 1052 650 1099 tradidit

98 1114 134 1163 ΙΙ.
153 1116 199 1163 Sed
210 1113 367 1178 Cappadoces,
385 1116 516 1162 crudelitate
528 1132 554 1162 ac
569 1117 660 1163 libidine
675 1134 733 1179 prae·
780 1143 783 1150 =

62 1182 177 1231 feetomm
189 1182 272 1237 vexati,
285 1180 444 1227 aMithridate
459 1179 565 1227 deliciunt
572 1198 580 1237 3
597 1180 735 1243 fratremque

61 1248 134 1310 regia,
146 1253 169 1293 et
179 1247 252 1309 ipsum
259 1245 395 1292 Ariarathen
407 1245 504 1298 nornine,
516 1247 543 1292 ab
554 1242 618 1299 Asici,
630 1246 667 1292 ubi
678 1248 733 1294 edu·

59 1314 164 1366 sabatur,
184 1321 305 1358 revocant:
326 1326 378 1357 cum
400 1326 446 1370 quo
465 1310 610 1357 Mithridates
628 1311 733 1371 proelinm

63 1383 168 1431 renovat,
180 1376 311 1436 victumque
320 1373 469 1438 Cappadociae
478 1391 549 1437 regno
557 1375 655 1436 expellit.
682 1375 734 1422 Nec

64 1439 139 1494 niulto
150 1448 203 1504 post
210 1441 346 1495 adolescens,
355 1456 384 1487 ex
393 1440 527 1502 aegritudine
535 1438 629 1487 collecti
639 1438 733 1488 infirmi·

63 1516 120 1563 tate,
129 1507 224 1554 decedit
247 1491 304 1552 Post
311 1507 377 1568 hujus
385 1514 489 1560 mortem,
496 1504 641 1560 Nicomedes,
649 1506 732 1553 timeu

65 1588 97 1621 ne
108 1571 254 1619 Mithridates
264 1571 392 1617 accessione
404 1568 553 1633 Cappadociae
569 1570 637 1617 etiarn
649 1569 732 1631 Bithy·

64 1639 128 1700 niam
138 1635 257 1683 finitimam
272 1635 395 1690 invaderet,
411 1637 518 1682 subornat
533 1650 627 1697 puerum
644 1636 734 1683 eximiae

63 1702 244 1768 pulchritudinis,
258 1700 332 1763 (quasi
344 1701 475 1747 Ariarathes
483 1708 536 1754 tres,
549 1716 594 1746 nou
603 1701 666 1754 duos,
674 1700 733 1747 illios

63 1764 194 1833 genuisset)
206 1767 245 1826 qni
255 1781 269 1812 a
280 1771 359 1812 senatu
375 1765 481 1812 Romano
496 1773 616 1827 paternum
636 1780 732 1828 reguum

63 1839 160 1898 peteret.
192 1830 296 1879 Uxorem
308 1845 397 1892 quoqne
412 1830 528 1878 Laodicen
543 1830 642 1877 Romam
658 1831 733 1886 mittit,

64 1899 95 1947 ad
119 1896 273 1944 testimonium
294 1896 362 1942 trium
385 1911 414 1943 ex
436 1896 556 1943 Ariarathe
577 1899 732 1957 susceptorum

62 1963 172 2011 filiorum.
206 1960 274 2015 Quod
290 1960 327 2007 ubi
347 1960 492 2008 Mithridates
508 1962 622 2023 cognovit,
642 1967 666 2006 et
684 1961 732 2021 ipse

62 2028 115 2094 pari
125 2024 264 2088 impudentia
275 2026 386 2074 Gordium
398 2025 497 2073 Romam
508 2026 583 2079 mittit,
596 2026 634 2085 qui
645 2026 732 2071 senatui

61 2097 187 2146 asseveret,
198 2106 299 2153 puerum,
311 2092 347 2137 cui
359 2089 508 2153 Cappadociae
524 2105 620 2150 regnum
634 2088 731 2135 tradide-

62 2166 108 2214 rat,
124 2170 154 2204 ex
170 2171 198 2202 eo
212 2155 332 2203 Ariarathe
347 2157 457 2218 genitum,
476 2156 513 2216 qui
529 2154 589 2201 bello
608 2154 732 2200 Aristonici

62 2222 150 2273 auxilia
170 2220 281 2267 Romarris
301 2220 377 2267 serens
397 2221 522 2267 cecidisset
565 2218 610 2265 Sed
632 2226 730 2274 senatus,

62 2288 141 2338 audio
152 2300 231 2349 regum
241 2286 356 2332 intellecto
367 2286 439 2332 aliena
450 2300 520 2346 regua
530 2282 593 2330 falsis
603 2284 731 2331 nominibus

61 2352 194 2407 furantium,
208 2360 232 2397 et
246 2350 374 2398 Mithridati
385 2348 557 2412 Cappadociam,
568 2355 591 2394 et
603 2347 730 2405 Nicomedi,

61 2419 93 2474 ad
104 2417 184 2465 solatia
194 2416 249 2477 ejus,
262 2414 441 2478 Paphlagoniam
458 2415 548 2462 ademit.
580 2414 623 2467 Ac,
635 2428 664 2459 ne
675 2430 730 2460 cou-

62 2482 159 2533 tumelia
183 2496 262 2543 regum
281 2480 340 2528 foret
358 2481 472 2527 ademtam
491 2480 543 2532 illis,
564 2479 624 2539 qnod
641 2478 730 2525 daretur

61 2549 121 2602 aliis,
141 2553 235 2606 uterque
253 2546 349 2608 populns
368 2545 471 2592 libertate
492 2544 589 2591 donatus
610 2550 651 2589 eat
685 2543 731 2588 Sed

60 2612 219 2676 Cappadoces,
231 2626 312 2659 munus
322 2611 431 2657 libertatis
447 2611 576 2663 abnuentes,
593 2614 678 2669 negant
693 2606 729 2651 vi·

62 2694 119 2728 vere
130 2684 223 2740 gentem
234 2677 283 2723 aine
294 2690 348 2737 rege
357 2690 430 2737 posse.
464 2674 541 2736 Atque
551 2674 584 2721 ita
600 2687 640 2719 rex
656 2670 700 2717 illis
715 2685 730 2717 a

60 2745 145 2796 senatu
156 2741 323 2792 Ariobarzanes
332 2739 483 2788 constituitur.
