1800 2942
161 195 212 239 too
296 179 433 237 JusT1u1
449 175 584 230 Luxu.
600 176 663 228 Car.
674 179 701 225 5.

163 316 330 383 pellarljussit:
349 313 409 375 quod
419 311 547 372 exemplum
559 308 631 356 secuti
645 307 721 353 totius
733 306 839 353 Orientis

163 384 248 448 prpitii,
265 398 279 429 a
295 379 458 428 Macedonibus
475 372 583 422 defendere.
615 372 676 419 Erat
687 388 717 418 eo
733 380 839 433 ternpore

165 450 271 501 Arsaces,
288 446 332 503 vir,
349 445 407 491 sicut
422 444 515 487 incertas
526 438 628 500 originis,
645 438 679 483 ita
692 438 789 483 virtutis
800 450 841 482 ex·

165 520 243 577 pertae.
274 510 330 565 Hic,
347 509 426 556 solitus
436 504 559 552 latrociniis
574 509 599 547 et
614 510 682 563 rapto
694 502 786 556 vivere,
804 515 841 547 ac·

167 575 233 640 cepti
248 576 352 639 opinione
369 572 487 620 Seleucum
505 585 519 615 a
535 567 608 615 Gallis
624 567 649 612 in
666 563 730 613 nsit
745 566 840 618 victum

167 643 255 690 solutus
270 640 331 703 regis
346 646 415 691 metu,
431 650 483 681 cum
499 633 632 696 predonum
648 645 725 676 manu
741 629 840 676 Parthos

166 709 289 769 ingressus,
306 703 436 766 prefectum
447 713 525 746 eorum
537 696 699 756 Andragorem
712 695 841 756 oppressi13

170 772 302 831 sublatoque
313 784 347 821 eo,
364 766 481 827 imperium
492 762 567 824 gentis
578 761 671 806 invasit.
704 758 766 806 Non
778 774 841 820 mag·

169 851 200 884 no
211 835 292 882 deinde
306 839 358 895 post
374 839 482 891 tempore,
500 825 663 886 Hyrcanorum
674 839 773 885 quoqne
790 838 839 884 reg·

170 915 225 948 num
242 897 376 958 occupavit3
398 902 466 955 atque
483 893 515 939 lta
534 891 628 942 duarum
648 889 781 935 civitatium
800 889 839 934 im-
890 883 891 896 ¹

209 965 231 1010 ‘o
241 962 354 1025 preditus,
370 960 479 1021 grandem
495 955 616 1002 exercitum
629 961 704 1015 parat
723 962 788 999 metu
799 952 838 999 Se·

207 1028 237 1085 ci,
256 1034 280 1073 et
295 1024 408 1073 'lbeodoti
427 1022 597 1070 Bactrianorum
613 1019 684 1080 regia
722 1019 770 1065 Sed
789 1018 837 1068 cito,

171 1099 245 1141 morte
260 1090 373 1138 'lbeodoti
392 1096 459 1141 metu,
469 1086 581 1139 liberatus,
598 1098 651 1129 cum
669 1081 721 1129 filio
739 1084 791 1145 ejus
808 1082 839 1144 (et

172 1160 222 1221 ipso
237 1153 368 1215 Theodoto)
387 1152 463 1199 loedua
480 1166 507 1197 ac
524 1163 602 1211 pacem
618 1146 687 1204 fecie
706 1162 753 1193 nec
771 1146 839 1193 muln

172 1229 231 1287 post,
247 1237 299 1269 cum
319 1220 413 1268 Seleuco
431 1231 492 1278 rege,
511 1214 539 1260 ad
557 1211 684 1259 defectores
702 1226 838 1273 persequen-

174 1290 217 1336 dos
234 1288 346 1339 veniente,
362 1295 506 1343 congressus,
522 1279 594 1325 victor
609 1275 669 1322 urit:
694 1292 769 1337 quem
785 1276 838 1321 diem

175 1352 254 1401 Parthi
275 1350 356 1398 exinde
372 1347 507 1402 sollemnem,
528 1343 591 1390 velut
611 1341 703 1388 initium
727 1339 839 1394 libertatis.

176 1418 302 1466 observem.

181 1502 185 1506 ·
209 1481 242 1529 V.
257 1481 375 1529 &vocato
396 1476 476 1524 deinde
498 1474 593 1521 Seleuco
611 1471 681 1518 novis
700 1470 839 1519 monbnsin

178 1546 266 1601 Asiam,
283 1546 334 1593 dato
344 1544 480 1595 laxamento,
491 1554 586 1601 regnum
599 1536 737 1583 Parthicum
748 1537 839 1591 formttt

178 1611 273 1659 militem
283 1611 354 1672 legit3
371 1606 462 1654 cutellu
477 1604 565 1660 munit3
582 1602 687 1648 civitates
697 1600 792 1659 firmat3
807 1614 841 1645 ur·

177 1678 230 1724 bem
240 1690 335 1736 quoque,
346 1665 437 1721 uonrlne
448 1668 542 1720 Darem,
559 1668 584 1713 in
593 1672 672 1711 monte
684 1665 842 1726 Zapaortenon

179 1740 270 1788 condit:
290 1740 353 1798 cujus
363 1737 407 1784 loci
417 1749 444 1781 ea
459 1733 558 1780 conditio
573 1737 616 1787 est,
634 1736 659 1775 ut
677 1745 756 1789 neque
773 1730 842 1776 muni·

179 1804 226 1851 tius
246 1803 366 1864 quidquem
385 1815 441 1855 esse,
464 1812 537 1857 neque
554 1795 671 1847 amoenius,
695 1795 779 1855 possit.
809 1792 843 1838 Ita

180 1869 241 1917 euim
263 1874 287 1913 et
307 1866 424 1928 praeruptis
445 1864 535 1925 rupibus
562 1859 660 1919 undiquc
682 1859 793 1919 cingitur,
820 1864 843 1903 ut

180 1932 251 1981 tutela
260 1932 304 1979 loci
314 1931 381 1976 nullis
393 1928 546 1975 defensoribus
556 1931 637 1987 egem
655 1930 678 1968 et
690 1923 733 1969 soli
749 1924 842 1969 circum·

178 1998 273 2062 iacentis
283 2004 345 2043 tauta
355 1996 444 2041 ubertus
454 2000 495 2046 est,
513 1998 538 2037 ut
548 1988 643 2051 propriis
658 1988 740 2048 opibus
754 1988 842 2049 explea-

180 2072 226 2111 tur.
257 2061 309 2112 Jam
320 2060 414 2106 fontium
431 2073 458 2104 ac
476 2055 580 2103 silvarum
596 2068 623 2099 ea
639 2052 706 2113 copia
721 2060 766 2107 est,
783 2054 843 2097 utet

181 2142 289 2189 aquarum
300 2121 432 2173 abundantii
442 2121 554 2183 irrigetur,
570 2124 593 2164 et
604 2117 753 2163 venationum
765 2117 842 2176 volup·
890 2165 891 2176 ἵ

181 2192 264 2238 tatibus
274 2195 402 2236 exornetur.
435 2186 473 2232 Sic
485 2186 587 2236 Arsaces,
602 2181 699 2241 quaesito
710 2182 782 2227 simul
792 2194 843 2226 con·
890 2181 891 2194 ¹

181 2255 304 2314 stitutnque
322 2266 401 2312 regno,
420 2264 467 2295 non
480 2250 559 2293 'minus
576 2244 728 2292 memorabilis
747 2243 842 2298 Parthis,

182 2330 249 2375 quam
266 2317 342 2363 Persis
359 2314 440 2374 Cyrus,
457 2311 621 2359 Macedonibus
636 2309 778 2364 Alexander,
796 2309 842 2356 Ro-

181 2380 255 2426 mauis
270 2379 389 2432 Romulus,
410 2375 498 2423 maturi
519 2381 633 2422 senectute
652 2373 758 2419 decedit:
785 2376 843 2436 cujus

181 2443 298 2488 memoriae
307 2445 367 2489 bunc
378 2444 486 2487 bonorem
498 2438 575 2485 Parthi
585 2440 718 2491 tribuerunt,
731 2444 758 2482 ut
768 2452 843 2484 omnes

182 2504 264 2551 exinde
274 2520 340 2567 roges
349 2520 403 2551 suos
414 2506 506 2551 Arsacis
516 2504 607 2549 nomine
618 2509 759 2561 nuncupent.
794 2502 843 2548 Hn·

177 2569 218 2629 jus
227 2567 287 2614 filius
297 2576 320 2614 et
330 2583 446 2615 successor
456 2567 528 2628 regni,
543 2568 641 2615 Arsaces
651 2573 675 2611 et
685 2565 738 2626 ipse
748 2568 843 2620 nomine,

182 2631 289 2677 adversus
303 2631 449 2684 Antiochum,
467 2630 555 2677 Seleuci
572 2629 649 2682 filium,
666 2637 762 2675 centum
779 2631 842 2676 milli·

180 2692 223 2741 buu
232 2694 332 2756 pentum
347 2701 372 2741 et
386 2695 468 2759 viginti
478 2694 577 2741 millibus
587 2693 688 2755 equitum
698 2693 843 2751 instructum,
