1800 2942
252 166 389 217 JUSTINI
406 167 460 217 Lm.
472 168 518 217 VI.
536 168 597 219 (lun.
604 176 628 220 9.
702 184 704 188 ·
724 176 773 221 205

109 310 177 358 quom
198 298 316 359 peouniae:
346 299 427 361 quippe
450 300 562 347 recusanti
584 300 660 348 omnia
683 300 776 364 imperis

109 361 201 424 ingesta
218 370 285 409 sunt:
304 364 446 425 honoresque
465 366 496 413 ito
514 366 592 427 gessit,
609 373 635 413 ut
656 380 776 413 ornamen-

107 434 158 473 tum
181 441 227 473 non
249 428 357 489 accipere,
374 429 413 475 sed
432 429 484 475 dure
503 431 545 491 ipsi
567 431 670 493 dignitati
686 431 776 477 videre·

108 499 154 538 tor.
186 489 240 540 Jum
251 492 485 549 litermumvstudium,
500 496 550 556 jam
565 495 712 558 philosophie
722 495 777 541 doo-

105 556 168 602 trino
186 563 254 624 tantu,
268 563 294 603 ut
303 558 403 604 miribile
413 559 532 614 haerenae
544 560 604 606 uude
619 567 665 607 tem
680 559 777 621 insignis

107 620 197 667 militiae
208 621 301 668 nolentis
311 623 396 668 homini
407 624 467 670 inter
475 623 552 670 literns
562 633 624 672 nato.
656 623 739 685 Neque
749 625 777 671 eb

108 686 154 733 hoc
168 686 224 733 vitee
234 687 349 748 proposito
359 688 439 733 mortis
449 689 507 735 ratio
517 689 629 737 dissensit
647 736 651 742 ,
661 688 730 744 Nem,
751 697 777 735 ut

107 750 194 797 relatus
204 751 312 797 insuetus
322 753 465 808 semianimis,
479 767 560 800 vocem
571 755 717 816 spiritumque
727 754 777 800 col·

107 814 173 877 legit,
195 814 219 861 id
240 830 310 862 uuum
332 831 346 862 e
364 817 558 865 circumstantibus
576 819 698 880 requisivit,
721 833 776 865 num

108 879 200 927 cadenti
211 879 251 926 sibi
262 886 351 927 neutum
361 881 480 928 udeuiisset
488 883 566 929 hostis.
583 883 654 938 Quod
665 890 690 932 ut
701 897 777 930 serve·

107 952 159 991 tum
177 944 269 999 audivit,
286 945 387 1003 nlilitum,
405 947 470 996 velut
487 947 588 994 laborum
600 948 724 1010 gloriaeque
738 963 777 995 so·

107 1010 177 1064 cium,
188 1008 303 1056 osculatus
313 1018 355 1057 est
387 1008 474 1057 Iterum
485 1013 596 1073 quaesivit,
608 1014 653 1061 utri
663 1014 778 1061 uicissent.

109 1072 149 1120 Ut
166 1073 258 1129 audivit,
277 1072 405 1127 Thebanos,
423 1076 481 1122 beno
498 1077 579 1124 habere
595 1092 620 1124 se
633 1093 688 1133 rem,
705 1078 776 1125 dixitz

109 1145 179 1198 etque
188 1138 227 1191 iu,
243 1138 306 1185 velut
315 1139 492 1201 gratulabundus
505 1142 589 1200 pntriae,
601 1143 729 1204 exspiravit.

145 1200 192 1249 lx.
209 1201 286 1264 Hujus
301 1211 375 1250 morte
391 1204 458 1249 etism
473 1204 648 1252 Atheniensium
661 1207 732 1253 virtus
742 1207 778 1254 in·

108 1267 212 1314 tetoldit:
229 1268 345 1329 siquidem,
353 1268 442 1322 emisso,
450 1268 487 1313 oui
496 1268 596 1315 aemulari
607 1280 778 1326 consueverunt,

108 1333 778 1462 zlutdlhlthl‘gllhilllulhlulhl

108 1461 222 1514 ludorum,
243 1462 327 1509 reditus
337 1462 440 1525 publicos
451 1461 582 1521 effimdunt3
600 1469 685 1510 etcum
697 1466 779 1512 uctori-

106 1528 152 1574 bus
163 1524 306 1574 nobilissimis
318 1527 436 1589 politisque
446 1528 533 1573 theatro
543 1527 661 1583 celebrant,
672 1527 778 1589 frequen·

109 1592 157 1638 tius
169 1604 263 1637 suenum
274 1606 341 1652 quum
357 1598 430 1638 oestro
440 1592 554 1649 visentem
571 1590 778 1656 versificatoresque

100 1654 222 1710 meliores,
239 1670 306 1716 quam
316 1656 385 1704 duces
394 1657 518 1703 laudantes.
551 1655 618 1703 Tune
628 1659 726 1721 vectigal
735 1675 778 1722 pu-

107 1719 202 1775 blicum,
219 1734 264 1780 quo
274 1726 340 1766 anteo
353 1721 436 1767 milites
446 1729 470 1767 et
481 1723 578 1783 remiges
588 1722 709 1778 alebantur,
726 1739 779 1771 cum

109 1785 197 1832 urbano
206 1784 289 1847 populo
299 1785 366 1832 dividi
375 1793 482 1847 eoeptum.
507 1786 595 1841 Quibus
601 1788 666 1836 rebus
672 1788 778 1838 effectum

109 1857 154 1904 est,
165 1856 198 1904 ut,
209 1850 269 1896 inter
279 1850 325 1896 otis
336 1850 480 1908 Graeoorum,
500 1853 613 1899 sordidum
625 1860 649 1900 et
659 1854 778 1901 obscurum

101 1920 181 1961 ¹eumen
191 1913 345 1961 Macedonum
362 1929 445 1962 nomen
460 1924 602 1979 etnergeret3
619 1925 643 1965 et
654 1917 779 1981 Philippus,

110 1980 178 2027 obses
189 1979 286 2026 triennio
303 1977 387 2026 Thebis
398 1980 494 2038 habitus,
511 1980 676 2043 Epaminonda
693 1989 716 2028 et
733 1981 779 2030 Pe-

110 2043 196 2105 lnpidue
203 2044 322 2091 virtutihus
329 2045 436 2101 eruditus,
443 2061 540 2108 regnum
551 2046 701 2100 Macedonis,
710 2047 779 2094 Grae·

109 2108 154 2155 eius
170 2114 195 2155 et
213 2107 277 2158 Asise
291 2110 421 2168 cunnum
438 2110 502 2160 velut
507 2111 591 2175 jugum
602 2110 722 2167 servitutis,
733 2111 777 2160 im·

107 2178 211 2236 poneret.
