1800 2942
113 223 116 228 ,
202 177 340 229 JUSTINI
356 178 409 226 Lm.
419 169 641 229 xxxusscrm.
704 185 750 230 sal

89 325 147 358 auro
165 324 207 358 suo
224 310 312 368 statuis,
331 324 386 371 quas
404 324 481 356 secum
499 309 607 371 portabat,
624 308 706 366 infirso,
724 326 755 358 ne

90 381 220 438 conspectae
234 390 288 436 opes
301 375 356 421 vitae
367 380 481 421 nocerent
513 373 584 429 Dein,
600 390 652 421 cum
664 374 756 423 Prusias

91 439 193 487 terrestri
206 439 265 486 bello
281 441 308 487 ab
322 438 427 485 Eumene
443 441 517 485 victus
533 446 601 498 esset,
617 447 641 486 et
651 440 756 502 proelium

91 505 117 551 in
140 518 202 551 mare
222 503 378 561 transtulisset,
405 502 521 550 Hannibal
544 520 603 551 novo
628 513 756 552 commento

92 576 173 616 auctm
183 569 284 615 victoriae
295 568 350 615 fuit:
369 570 449 631 quippe
461 583 528 615 omne
539 570 675 631 serpentium
682 584 757 632 genua

91 634 117 680 in
135 632 215 680 fictiles
233 633 326 695 lagenas
345 633 425 696 conjici
442 634 520 695 jussit,
541 633 659 693 medioque
676 634 757 695 proelio

93 699 119 745 in
130 713 201 745 naves
212 698 309 744 hostium
320 698 387 743 mitti.
418 696 446 743 Id
457 698 553 758 primum
563 698 664 745 Ponticis
674 698 757 747 ridicu·

93 764 144 810 lum
160 763 241 818 visum,
259 761 363 809 fictilibus
378 763 490 817 dimicare,
509 764 547 824 qui
563 761 623 810 ferro
639 770 758 824 nequeant.

95 828 143 875 Sed
159 829 197 874 ubi
215 828 353 889 serpentibus
370 827 449 889 repleri
467 842 536 874 naves
552 825 650 889 coepere,
668 829 760 891 ancipiti

94 892 197 956 periculo
208 892 361 947 circumventi,
373 893 432 939 hosti
442 892 559 938 victoriam
570 890 665 939 cessdre.
698 892 760 947 Qnae

84 958 134 1005 ‘ubi
141 956 239 1004 Romam
250 958 352 1004 nuntiata
362 965 421 1012 sunt,
432 957 495 1003 missi
506 972 520 1003 a
530 965 608 1004 senna
619 956 688 1020 legati
699 966 760 1015 sunt,

96 1023 137 1084 qui
149 1029 268 1083 utrumque
282 1036 359 1083 regem
372 1024 396 1068 in
410 1036 489 1084 pacem
506 1030 622 1084 cogerent,
639 1022 759 1071 Hanniba·

94 1087 188 1148 lemque
210 1087 363 1149 deposcerent.
403 1086 448 1132 Sed
470 1084 592 1140 Hannibal,
616 1103 641 1134 re
662 1086 760 1150 cognita

92 1158 175 1200 sumto
182 1166 275 1205 veneno,
284 1149 422 1213 legationem
433 1157 506 1196 morte
512 1151 627 1211 praevenit,
660 1149 762 1215 Insignis

97 1218 137 1263 hic
149 1231 221 1263 annus
232 1217 299 1262 trium
311 1221 359 1261 toto
370 1216 423 1261 orbe
436 1216 586 1260 maximorum
602 1215 761 1277 imperatorum

96 1282 209 1329 mortibus
218 1280 268 1335 suit,
286 1279 427 1333 Hannibalis,
443 1286 467 1325 et
478 1278 661 1341 Philopoemenis,
676 1288 699 1327 et
711 1281 762 1328 sn-

95 1346 174 1410 pionis
193 1344 300 1392 Africani.
333 1343 372 1391 Ex
387 1344 473 1406 quibus,
490 1352 585 1400 constat,
603 1344 763 1403 Hannibalem,

98 1426 144 1459 nec
156 1418 203 1457 tum
215 1424 267 1457 curn
278 1409 384 1456 Romano
398 1416 514 1456 tonantem
526 1410 585 1456 bello
596 1407 662 1456 Italia
672 1418 763 1458 contre·

6 1521 8 1528 ,
97 1476 166 1530 mult,
178 1490 289 1529 neceam,
302 1489 405 1521 reversus
416 1472 584 1535 Carthaginem,
596 1490 709 1521 summum
719 1477 763 1523 im·

95 1541 188 1606 perium
200 1540 279 1596 tenuit,
290 1546 329 1587 aut
338 1540 456 1586 cubantem
467 1538 578 1593 coenasse,
590 1546 628 1586 aut
639 1539 764 1602 plusquam
788 1575 794 1586 .

97 1604 201 1654 sextario
214 1605 262 1650 vini
276 1604 408 1661 indulsisse;
422 1604 596 1665 pudicitiamque
611 1620 664 1650 eum
678 1613 764 1653 tantam

96 1672 162 1719 inter
172 1676 207 1716 tot
216 1669 316 1731 captivas
326 1670 435 1724 habuisse,
446 1678 472 1714 ut
483 1670 506 1715 in
518 1667 596 1715 Africi
606 1677 683 1717 natum
691 1671 766 1731 quivis

98 1741 205 1797 negaret.
237 1734 401 1782 Moderationis
415 1742 476 1780 certe
490 1734 544 1796 ejus¹
551 1733 600 1788 luit,
618 1740 650 1790 ut,
667 1750 718 1782 cum
730 1734 765 1782 di-

98 1813 219 1847 versarum
236 1800 337 1862 gentium
355 1799 467 1845 exercitus
484 1799 573 1854 rexerit,
591 1814 663 1860 neque
680 1800 767 1848 insidiis

92 1878 197 1912 auorum
215 1864 311 1910 militurn
331 1863 360 1910 sit
378 1864 462 1925 petitus
478 1869 583 1924 unquam,
600 1880 674 1926 neque
688 1864 767 1913 lmnde

102 1928 214 1994 proditus,
226 1942 277 1976 cum
288 1935 407 1992 utrumque
416 1930 494 1976 hostes
504 1943 564 1992 aaepe
574 1929 705 1977 tentassent
