1800 2942
183 148 319 200 JUSTINI
336 148 390 198 Ius.
401 148 501 198 xvln.
516 149 577 201 Car.
587 156 612 201 4.
680 157 728 205 28⁸1

63 282 135 336 furor,
153 282 178 327 in
192 280 308 328 occidente
321 280 375 328 solis
389 286 464 328 ortum
477 296 584 342 querere.
618 280 664 330 Ubi
674 298 730 332 vero

65 348 115 396 dies
125 346 246 393 adventare
257 347 333 407 coepit,
345 345 517 407 editissimisque
525 347 657 394 culminibus
668 349 731 396 urbis

66 412 144 459 oriens
155 411 279 472 splendere,
297 411 478 471 exspectantibus
490 411 546 468 aliis,
563 419 588 459 ut
603 413 676 475 ipsum
691 427 730 460 so·

67 478 114 523 lem
127 476 273 537 adcpioerent,
290 476 326 522 hic
337 476 422 536 primur
433 477 536 523 omuibus
549 475 660 538 fulgorem
677 477 732 526 solis

67 542 94 591 in
111 556 200 589 summo
216 540 307 601 fanigio
322 541 419 587 civitatis
435 540 540 587 ostendit.
572 541 628 588 Nun
644 542 732 589 servilis

66 606 156 667 ingenii
175 606 232 651 ratio
251 605 314 662 visa3
337 605 542 666 requirentibusque
561 612 682 662 auctorem,
703 607 732 654 de

68 671 162 719 domiuo
174 669 300 717 confitetur.
331 668 398 716 Tunc
411 670 550 718 intellectum
565 678 606 725 est,
624 677 732 732 quantum

68 738 169 798 ingenua
191 734 309 781 servilibus
329 735 421 796 ingenia
442 743 580 796 praestarent,
604 736 733 798 matirirque

69 816 156 853 servos,
180 814 226 846 nun
245 798 355 860 snpientiit
372 799 470 847 vincere.
503 798 578 861 Igitur
595 802 662 848 venia
684 802 733 849 seni

68 865 161 925 filioque
177 863 229 910 data
245 873 295 921 est;
312 872 342 917 et,
361 864 423 911 velut
439 865 532 911 numine
549 866 645 926 quodam
661 881 734 913 reser-

69 938 136 977 vatos
144 929 282 982 arbitrantes,
292 944 369 990 regem
379 928 507 977 Stratonem
514 938 653 978 creaverunt.
676 930 734 979 Post

69 996 135 1058 cujus
150 1000 254 1048 mortem,
271 1009 283 1038 r
313 1008 366 1040 num
381 994 409 1041 ad
423 992 501 1048 filium,
518 1010 544 1041 ac
555 995 635 1043 ddnde
649 997 678 1043 ad
693 1011 735 1044 ne·
760 990 764 999 ⁸

70 1068 143 1124 potes,
161 1059 256 1106 transiit.
333 1059 384 1104 ebre
394 1059 438 1104 hoc
448 1074 564 1105 servorum
574 1060 668 1116 facinus,
685 1077 735 1109 me·

70 1124 225 1184 tuendumque
233 1122 360 1183 exemplum
372 1130 420 1168 toto
431 1124 484 1169 orbe
495 1131 603 1171 terrarum
611 1124 661 1172 init.
686 1124 735 1174 Ita·

70 1205 117 1251 que
128 1188 258 1235 Alexander
269 1187 378 1248 Magnus,
391 1202 450 1240 cum,
464 1188 580 1248 interjecto
591 1196 699 1250 tempore,
711 1191 735 1245 in

71 1254 168 1305 Oriente
178 1251 261 1299 bellum
272 1258 369 1313 gereret,
382 1251 444 1298 velut
455 1251 515 1298 ultor
524 1252 620 1313 publicae
628 1255 735 1302 securita-

70 1320 109 1373 tis,
122 1314 251 1379 expugnati
260 1331 338 1364 eorum
349 1316 411 1371 urbe,
420 1331 506 1371 omnes,
519 1316 557 1377 qui
567 1317 647 1379 proelio
657 1333 735 1380 super-

72 1384 170 1437 fuerant,
182 1383 211 1428 ob
221 1383 352 1428 memoriam
363 1382 445 1428 veteris
456 1381 524 1428 credis
535 1383 638 1429 crucibus
647 1382 733 1431 affixit:

71 1463 147 1511 genus
155 1454 242 1493 tanturn
252 1446 363 1493 Stratonis
371 1446 502 1493 inviolatum
511 1447 616 1501 servavit,
628 1460 736 1509 regnum·

73 1528 119 1574 que
130 1513 192 1573 stirpi
204 1513 252 1574 ejus
267 1511 371 1565 restituit,
388 1511 493 1573 ingenuis
508 1518 532 1558 et
546 1511 643 1559 innoxiis
657 1513 738 1561 incolis

72 1577 154 1625 insulae
163 1577 282 1630 attributis,
291 1582 324 1630 ut,
333 1576 456 1638 exstirpato
464 1575 539 1624 servili
546 1577 655 1638 germine,
664 1591 738 1639 genus

75 1643 137 1690 urbis
148 1656 178 1688 ex
188 1642 278 1703 integro
289 1640 429 1688 conderetur.

106 1704 153 1753 IV.
171 1705 225 1752 Hoc
241 1706 311 1768 igitur
326 1704 395 1752 modo
410 1703 477 1767 Tyrii
493 1704 617 1755 Alexandri
633 1707 738 1769 auspiciis

73 1772 177 1824 conditi,
186 1768 322 1832 parcimouii
337 1777 361 1818 et
374 1770 449 1819 labore
465 1772 579 1831 quaerendi
593 1771 639 1818 cito
653 1787 738 1821 conva-

74 1834 146 1884 luere.
179 1835 242 1882 Ante
253 1835 339 1882 cladem
349 1835 499 1891 dominorum,
517 1851 569 1883 cum
583 1843 607 1884 et
622 1838 701 1899 opibus
715 1846 739 1886 et

74 1900 220 1950 multitudine
230 1900 375 1954 abundarent,
387 1898 456 1948 missi
467 1901 490 1946 in
499 1899 601 1948 Africam
607 1904 737 1965 juventute,

76 1965 173 2017 Uticam
188 1964 321 2013 condidere:
340 1981 393 2011 curn
409 1965 498 2013 interim
515 1981 556 2012 rex
571 1966 657 2029 Mutgo
674 1965 739 2028 Tyro

74 2028 172 2084 decedit,
191 2029 238 2077 filio
255 2030 413 2098 Pygmalione,
432 2037 457 2077 et
472 2027 548 2078 Elissi
568 2029 621 2086 filii,
644 2031 741 2093 insignis

73 2095 158 2143 formae
176 2095 272 2157 virgine,
291 2096 416 2143 haeredibus
433 2095 550 2146 institutis.
582 2095 628 2143 Sed
645 2096 742 2157 populus

76 2159 224 2223 Pygmalioni
234 2161 354 2207 admodum
365 2176 435 2222 puero
445 2174 543 2221 regnum
552 2159 650 2206 tradidit.
676 2159 741 2210 Elio

75 2240 203 2287 aequoque
215 2225 309 2273 Acerbae
320 2225 431 2273 avunculo
442 2239 491 2279 suo,
504 2224 613 2272 sacerdoti
625 2223 740 2282 Herculis,

74 2291 116 2353 qui
125 2292 198 2337 honos
206 2289 317 2336 secundus
325 2305 339 2336 a
346 2306 401 2352 rege
408 2297 463 2344 erat,
473 2288 543 2336 nubit.
570 2287 634 2337 Huic
642 2303 740 2353 magne,

75 2355 118 2415 ped
131 2354 277 2402 dusmuutae
286 2370 340 2417 opes
351 2363 428 2402 erant:
447 2368 578 2414 aurumque,
595 2361 658 2401 metu
671 2358 740 2419 regis,

75 2435 125 2471 non
137 2420 210 2473 tectis,
228 2420 268 2466 sed
278 2426 345 2465 terrae
355 2419 489 2466 crediderat:
509 2433 576 2479 quam
587 2433 635 2466 ram
646 2420 688 2466 etsi
699 2422 742 2468 ho-

75 2487 153 2535 mines
162 2484 304 2546 ignorabant,
315 2483 375 2532 fama
386 2492 462 2530 tamen
473 2483 613 2543 loquebatur.
644 2483 741 2540 Quirin-

76 2564 163 2607 oenaus
173 2547 318 2611 Pygmalion,
333 2548 479 2610 oblitusjuris
489 2549 589 2604 humani,
605 2550 742 2597 avunculum

75 2628 155 2669 suum,
170 2614 319 2675 eumdemque
329 2629 446 2677 generum,
464 2614 513 2661 sine
526 2620 631 2676 respectu
645 2614 747 2677 pietatis,

73 2679 174 2743 &elffii
202 2677 280 2729 Elissa
289 2678 328 2729 diu
337 2678 428 2739 mnam
439 2686 531 2744 propter
546 2680 619 2729 scelus
633 2689 742 2741 aversata,
