1800 2942
87 129 170 180 eme
311 126 513 179 JUGURTHA„
712 127 744 174 ta

22 314 23 329 χ
88 267 141 308 sunt
169 257 298 315 Postremo,
316 259 416 320 corporis
432 265 456 305 et
471 257 570 304 tortuose
585 256 704 309 bonorum,
720 259 748 300 ut

22 336 23 347 ¹
87 326 173 379 initium,
189 323 242 371 tlnis
258 330 307 371 est:
327 324 403 371 omnia
414 331 463 371 orta
473 323 585 375 occidunt,
598 328 622 368 et
632 329 746 367 auctase·
795 364 798 378 ¹

22 422 23 425 =
88 397 191 448 uesount3
214 389 305 436 animus
325 390 474 451 incorruptus,
492 395 597 442 aeternus,
614 392 689 433 rector
704 384 747 430 hu·

86 456 141 505 mani
151 454 251 517 generis,
268 454 317 516 agit
334 461 401 515 atque
420 453 487 499 habet
504 459 592 504 cuneta,
610 450 749 511 nequeipse

88 521 179 567 hebetur.
213 518 268 573 Quo
279 518 353 580 magis
364 519 463 581 pravitas
474 532 552 564 eorum
564 514 693 563 admiranda
703 519 747 570 est,

88 587 127 645 qui,
142 584 210 632 dediti
229 584 329 646 corporis
345 584 440 646 gaudiis,
457 597 499 645 per
514 582 593 628 luxum
604 588 672 642 atque
682 580 749 641 igna-

87 651 141 697 viam
151 658 243 698 aetatem
254 656 327 711 agunt
333 664 342 705 ;
359 655 468 695 oaeterum
478 648 602 709 ingenium,
620 661 665 707 quo
677 657 750 705 neque

22 734 24 773 ζ
87 715 160 762 moto·
169 728 245 775 noque
254 714 351 776 mplius
361 712 420 760 eliud
438 713 462 759 in
476 711 557 759 naturi
567 711 695 758 mortalium
706 715 750 765 est,

87 779 248 840 incultumque
258 776 360 824 seoordli
369 785 500 838 torpescere
511 777 602 831 sinunt3
620 790 672 822 oum
689 787 750 835 pras·

89 845 159 891 sertim
170 852 218 891 tom
228 842 309 889 multoe
318 843 433 902 variaeque
443 842 491 888 siut
501 847 561 887 artes
577 839 653 896 enimi,
669 839 755 900 quibus·

89 923 170 957 omme
179 907 291 955 claritudo
300 913 398 969 peretur.

117 972 164 1021 111.
180 971 277 1027 Verum,
293 986 323 1018 ex
333 972 375 1026 lits,
391 971 538 1033 magistratus
548 969 681 1031 etimperis,
697 983 751 1030 pos·

89 1045 156 1086 trmm
170 1038 245 1085 omnis
260 1052 315 1084 euro
331 1051 405 1084 rerum
422 1036 568 1098 publicarum,
584 1035 685 1081 minume
695 1032 752 1079 mihi

90 1104 127 1151 hoo
137 1109 271 1166 tempestate
289 1102 402 1163 cupiunda
418 1100 540 1158 videntum
556 1099 662 1160 quoniam
678 1111 753 1159 neque

90 1170 162 1216 virtuti
172 1170 247 1216 honos
258 1167 337 1222 dutum
354 1181 427 1227 neque
444 1166 484 1221 itti,
500 1166 580 1226 quibus
594 1180 634 1227 per
650 1163 752 1210 fraudem

88 1234 123 1296 jos
130 1233 179 1290 fuit,
197 1233 248 1286 tuti,
264 1238 304 1279 aut
322 1247 350 1279 so
366 1232 442 1293 magis
458 1230 548 1278 honesti
559 1238 620 1276 sunt.
650 1227 712 1275 Nam
728 1227 753 1273 vi

91 1299 175 1359 quidem
190 1312 271 1359 regere
288 1297 381 1359 patriam
400 1302 440 1344 aut
456 1295 562 1357 parentis,
579 1282 719 1354 quomquem'
729 1299 754 1338 et

90 1365 164 1426 possis,
181 1370 206 1410 et
216 1362 298 1410 delicto
314 1363 421 1424 oorrigas,
436 1369 513 1408 tamen
530 1360 683 1421 importunum
701 1363 753 1414 θεὶς

91 1443 138 1475 eum
148 1427 275 1491 praesertim
286 1442 366 1476 omnes
376 1441 451 1475 rerum
463 1425 600 1472 mutationes
611 1423 704 1478 oedem,
715 1420 753 1469 su·

91 1508 147 1554 gem,
172 1493 262 1553 alisque
278 1492 368 1540 hostilia
388 1491 532 1554 portendant.
565 1487 659 1536 Frustra
678 1495 754 1545 autem

90 1558 135 1614 uiti,
152 1573 226 1619 neque
237 1557 304 1614 aliud,
314 1556 438 1619 fatigando,
449 1556 493 1603 nisi
505 1555 581 1602 odium
592 1567 701 1614 quaerere,
712 1566 754 1598 ex·

89 1629 165 1671 tremae
175 1623 297 1670 dementiis
307 1629 355 1670 est:
374 1622 418 1668 nisi
434 1621 494 1669 torte
511 1634 579 1681 quem
596 1619 714 1666 inhonesta
729 1623 754 1663 et

89 1688 214 1750 perniciose
222 1687 298 1735 lubido
309 1693 378 1743 tenet,
388 1686 497 1749 potentie
507 1699 629 1748 paucorum
639 1683 708 1732 decus
718 1689 754 1730 at·

90 1768 132 1814 que
141 1753 268 1800 hiertetem
278 1767 342 1800 suam
353 1750 481 1814 gratificari.
699 1746 700 1749 ’
751 1766 753 1769 ·

119 1816 165 1865 lv.
182 1815 300 1866 Caetemm
311 1832 341 1865 ex
351 1817 401 1864 aliis
411 1814 511 1879 negotiis
521 1831 573 1878 quae
583 1815 677 1877 iugenio
687 1828 754 1861 exer·

91 1893 175 1938 centur,
191 1883 216 1929 in
234 1883 313 1945 primis
330 1897 414 1944 magno
431 1883 484 1929 usui
500 1889 536 1929 est
554 1881 662 1929 memorie
680 1892 755 1926 rerum

91 1955 219 2010 patarum:
237 1949 303 2011 oujtrs
319 1948 348 1994 de
362 1947 446 1994 virtute
457 1947 510 2009 quia
519 1946 584 1993 multi
594 1942 679 1998 dixere,
695 1958 755 2006 prae·

91 2014 223 2061 tereondum
243 2019 315 2076 puto;
338 2013 414 2066 simul,
436 2028 467 2060 ne
487 2027 527 2074 per
544 2010 687 2058 insolentiam
706 2008 756 2069 quis

91 2079 219 2132 meamet,
227 2085 321 2131 memet,
336 2077 435 2125 studium
445 2076 564 2132 laudando,
573 2074 688 2122 extollere.
710 2072 756 2120 At·

91 2142 268 2205 queegooredo
284 2142 340 2198 lore.
356 2143 402 2203 qui,
418 2143 471 2203 quia
488 2141 578 2189 decrevi
592 2138 671 2201 procul
689 2153 702 2186 a
720 2153 756 2184 re-

92 2205 180 2268 publiei
191 2213 282 2254 aetatem
293 2222 368 2270 agere,
385 2215 448 2256 tanto
461 2215 554 2268 tamque
563 2205 612 2251 utili
622 2203 693 2252 labori
704 2217 757 2249 meo

93 2286 175 2319 nomen
197 2271 286 2319 inertiae
303 2274 435 2335 imponant:
465 2279 533 2327 certe,
555 2270 635 2331 quibus
652 2282 758 2316 maxuma

93 2336 201 2385 industria
219 2337 316 2393 videtur,
332 2337 429 2385 salutare
439 2337 534 2399 plebem,
550 2343 574 2382 et
584 2335 695 2382 conviviis
704 2346 758 2395 grs-

93 2401 145 2448 riom
156 2416 266 2464 quaerere
298 2401 345 2457 Qui
362 2401 381 2449 si
400 2402 560 2464 reputaverint,
577 2409 601 2447 et
617 2399 697 2460 quibus
713 2411 759 2458 ego

94 2467 230 2528 tmrporlbos
240 2468 385 2529 mugistrstus
395 2468 490 2529 adeptus
506 2481 565 2520 sum,
582 2473 606 2512 et
621 2464 699 2525 quales
715 2460 759 2507 viri

94 2529 151 2578 illem
162 2532 252 2593 assequi
263 2532 411 2592 nequiverint,
428 2540 452 2579 et
468 2538 548 2595 postea
560 2543 612 2591 quae
622 2541 707 2590 genera
717 2525 760 2570 ho·

94 2595 178 2643 mirum
189 2597 213 2643 in
230 2603 333 2644 senatum
348 2598 507 2660 pervenerint3
524 2593 626 2656 profecto
637 2591 760 2638 existuma-

93 2657 153 2720 bunt,
175 2676 215 2712 me
235 2661 311 2730 mugit
330 2663 420 2722 merito,
444 2675 513 2724 quam
532 2654 632 2723 ignorit.
650 2652 761 2718 judicium
