1800 2942
138 175 185 220 196
281 166 419 219 JUSTINI
435 166 530 216 an.
547 165 657 216 casio.

133 300 207 354 bolus,
223 299 259 346 vir
273 306 385 353 omnum,
404 305 428 345 et
444 297 505 345 domi
522 298 610 352 nobilis,
624 296 663 358 qui
674 295 799 344 audendum

134 364 218 426 aliquid
228 380 268 427 pro
279 362 350 428 patrii
361 371 385 410 et
394 362 438 425 pro'
446 363 518 409 salute
528 363 649 415 communi,
668 363 739 409 mam
749 377 806 409 cum·

133 428 240 491 periculo,
256 436 324 483 ratus,
336 429 438 489 adunatis
448 428 568 480 exsulibus,
582 428 699 474 castellum
711 425 799 487 Phylen

134 493 265 544 Atticorum
274 492 353 540 linium
365 499 466 554 occupat
506 490 557 538 Nec
568 492 644 539 deerat
654 492 799 552 quarumdam

134 558 258 606 civitatium
277 565 324 605 tam
346 557 447 604 crudeles
469 572 534 603 casus
554 556 709 602 miserantium
730 555 800 603 saror.

134 621 215 684 Itaque
226 620 343 677 Ismenias,
360 621 519 669 Thebanorum
535 622 644 683 princeps,
656 620 699 667 etsi
710 621 803 683 publicis

135 702 183 734 non
200 695 295 749 poterat,
318 688 411 748 privatis
428 694 505 733 tsrnen
523 686 606 733 viribus
628 685 760 746 adjurabat:
779 693 802 731 et

137 750 229 812 Lysias,
241 752 395 813 Syracusanus
409 759 490 805 omtor‚
508 750 573 796 exsul
584 759 645 804 tunc,
665 751 808 812 quingentos·

135 816 218 863 milites
236 817 346 878 stipendio
363 832 404 863 suo
422 817 554 872 instructos,
570 816 594 861 in
606 814 714 861 auxilium
726 815 809 877 patriae·

136 881 263 929 communis
280 881 415 941 eloquentia
435 880 504 926 misit.
547 877 586 926 Fit
603 880 679 939 itaque
699 893 803 940 asperum

135 946 252 1007 proelium:
272 946 312 992 sed
328 960 379 990 cum
396 945 448 991 hinc
465 961 506 1006 pro
522 943 594 1006 patrii
605 946 699 990 summis
710 944 802 997 viribus,

136 1010 190 1055 inde
200 1024 240 1072 pro
252 1008 323 1055 alieni
337 1009 489 1056 dominatione
500 1009 593 1070 segnius
603 1015 752 1071 pugnaretur,
767 1015 805 1069 ty-

137 1074 201 1121 ranni
217 1073 352 1120 vincuntur:
371 1074 425 1132 victi
440 1075 465 1120 in
483 1075 559 1120 urbem
575 1073 707 1134 refugiunt3
730 1088 805 1133 quam,

138 1138 271 1188 exhaustam
282 1138 380 1185 caedibus
391 1139 444 1193 suis,
453 1138 521 1185 etiam
532 1140 599 1184 armis
610 1138 715 1199 spoliant.
731 1136 806 1184 Dein·

138 1202 173 1256 de,
197 1217 249 1249 cum
268 1217 348 1250 omnes
366 1204 518 1250 Athenienses
537 1202 669 1264 proditionis
688 1211 813 1263 suspectos

137 1267 251 1322 baberent,
260 1267 385 1330 demigrare
395 1283 435 1314 eos
445 1282 475 1313 err
486 1268 540 1313 urbe
545 1267 634 1329 jubent,
645 1275 669 1312 et
680 1267 704 1312 in
711 1267 808 1313 brachiis

138 1333 204 1386 muri,
223 1347 274 1394 quse
289 1333 362 1379 diruta
371 1331 467 1382 fuerant,
488 1332 595 1387 habitare,
607 1331 720 1377 extraneis
732 1331 809 1377 militi-

138 1397 181 1444 bus
192 1397 309 1459 imperium
321 1402 417 1442 tuentes.
440 1393 497 1440 Post
507 1395 565 1451 haec,
577 1394 746 1456 Thrasybulum
758 1410 809 1442 cor·

139 1476 251 1523 rumpere,
274 1460 360 1522 imperii
382 1459 512 1505 societatem
531 1458 668 1518 pollicentes,
691 1466 811 1506 conantur.

143 1524 212 1581 Quod
223 1539 275 1572 cum
286 1539 332 1571 non
342 1523 482 1584 contigisset,
498 1521 581 1567 auxilia
599 1537 612 1567 a
628 1521 816 1570 Lacedaemoniis.

141 1587 258 1653 petivere:
277 1590 357 1649 quibus
373 1588 457 1640 accitis,
477 1587 558 1633 iterato
569 1586 710 1646 proeliantur.
742 1586 773 1634 In
785 1604 813 1635 eo

140 1654 200 1702 bello
218 1652 302 1703 Critias
318 1660 341 1700 et
357 1652 523 1715 Hippolochus,
544 1651 644 1697 omnium
661 1662 813 1711 tyrannomm

142 1719 267 1771 saevissimi,
284 1718 374 1765 cadunt.

175 1781 209 1829 X.
226 1780 322 1829 Ceteris
330 1783 402 1836 victis,
415 1798 468 1829 cum
476 1782 588 1829 exercitus
598 1797 683 1836 eorum.
695 1784 814 1843 exquibus

141 1849 214 1911 major
223 1861 275 1909 pars
286 1846 459 1894 Atheniensium
476 1855 530 1901 erat,
547 1846 643 1909 fugeret,
660 1848 746 1909 magni
756 1862 820 1895 voce

142 1912 298 1973 Thrasybulus
320 1912 437 1967 exclamat,
456 1918 520 1958 “cur
539 1928 564 1958 se
584 1912 694 1958 victorem
713 1914 814 1974 fugiant,

142 1979 299 2042 potiusquam
319 1984 344 2022 ut
358 1977 470 2023 vindicem
487 1977 612 2023 communis
628 1977 737 2023 libertatis
747 1978 820 2039 adJu.

143 2042 218 2091 vent?
236 2040 327 2091 Civium
338 2041 399 2089 illam
410 2042 554 2088 meminerint
564 2043 643 2096 aciem,
654 2057 701 2088 non
713 2042 815 2088 hostium

144 2122 195 2155 esse
201 2124 209 2166 ;
227 2122 269 2154 nec
287 2123 311 2154 se
332 2107 382 2154 ideo
402 2122 464 2153 arma
482 2106 573 2167 cepisse,
603 2113 629 2153 ut
650 2106 726 2166 aliqua
745 2107 820 2152 victis

145 2173 236 2229 adimat,
248 2172 287 2218 sed
300 2181 324 2219 ut
330 2172 419 2219 ademta
430 2171 546 2217 restituat:
566 2170 660 2232 triginta
671 2186 696 2216 se
706 2171 822 2224 dominis,-

145 2251 193 2284 non
215 2237 308 2295 civitati,
330 2237 414 2283 bellum
436 2233 543 2281 inferre.“
577 2235 712 2281 Admonens
733 2235 819 2282 deinde

145 2302 293 2363 cognationis,
311 2302 395 2363 legum,
412 2315 527 2347 sacrorum
537 2300 697 2353 communium,
711 2308 761 2345 turn
773 2314 817 2346 ve·

144 2366 200 2413 tusti
211 2380 252 2426 per
262 2373 297 2411 tot
307 2366 364 2412 bella
374 2365 505 2418 commilitii,
518 2371 573 2417 orat,
585 2365 734 2410 misereantur
745 2379 818 2411 exsu-

146 2429 195 2475 lum
205 2429 296 2483 civium,
314 2431 333 2476 si
351 2438 396 2476 tarn
412 2429 523 2492 patienter
533 2428 574 2489 ipsi
586 2430 699 2475 serviant:
720 2429 819 2476 reddant

148 2493 190 2539 sibl
201 2492 302 2554 patriam,
314 2495 425 2554 accipiant
435 2494 568 2539 libertatem.
602 2492 648 2539 His
659 2493 821 2540 vocibus'tan·

146 2564 198 2604 tum
207 2564 335 2618 promotum
346 2565 388 2612 est,
408 2565 433 2604 ut
453 2572 556 2603 resersus
576 2558 599 2604 in
616 2557 692 2603 urbem
703 2559 822 2604 exercitus

149 2620 243 2682 triginta
258 2628 366 2680 tyrannos
377 2623 488 2682 emigrare
499 2620 609 2667 Eleusina
618 2622 714 2683 juberet,
734 2621 822 2669 substi-

93 2689 96 2694 ’
149 2684 204 2746 tutis
220 2683 304 2740 docem,
325 2685 363 2746 qui
379 2685 539 2747 rempublicam
557 2692 677 2748 regerent:
697 2686 744 2746 qui,
763 2684 824 2734 uilril
